1894 3154
305 291 479 324 CONTRA
513 288 759 320 EPISTOLAM
796 287 1096 327 PARMENIANI,
1137 289 1224 319 Lm.
1267 290 1318 320 11.
1422 290 1498 337 171

139 355 369 401 commoda
388 352 630 414 gaudiaque
648 350 835 396 carnalia
850 388 860 406 ‚
886 367 986 413 quae
1013 350 1049 394 si
1073 349 1194 395 aliter
1215 350 1378 404 habere
1401 368 1509 413 pos-

138 436 225 481 set,
252 422 363 470 illud
386 423 619 475 desereret,
645 422 738 483 ipse
763 421 910 484 utique
934 421 1060 465 fictus
1087 431 1149 465 est
1173 438 1183 465 :
1212 420 1393 483 ideoque
1420 439 1509 466 non

140 495 225 549 ait,
248 494 281 538 si
306 492 466 538 invitus
494 490 606 536 facio
626 527 636 546 ‚
672 490 784 535 nihil
814 506 994 553 prosum
1020 489 1078 534 eis
1102 507 1200 549 erga
1226 506 1335 552 quos
1360 490 1471 534 facio
1496 507 1506 534 ε

139 563 210 609 sed
235 580 275 607 se
300 572 467 607 tantum
490 578 511 605 a
530 559 726 605 mercede
746 560 893 605 salutis
918 559 1074 604 alienat
1090 596 1100 615 ‚
1122 577 1210 604 non
1238 569 1280 604 et
1296 559 1391 604 illos
1410 560 1512 623 qui-

138 633 220 678 bus
237 632 401 677 cibaria
417 630 647 676 Dominica
665 630 792 675 etiam
814 629 951 675 malus
974 646 1120 675 servus
1138 628 1365 692 impendit.
1397 628 1513 685 Quia

138 718 350 748 veronon
379 710 469 746 erat
494 699 589 745 talis
615 699 845 762 Apostolus
861 736 871 755 ,
899 698 971 744 sed
996 698 1093 744 talis
1116 699 1262 762 potius
1289 709 1337 751 ut
1362 698 1509 745 volens

138 772 317 827 faceret,
353 771 397 816 id
429 780 517 825 est,
559 770 789 829 gratuitam
822 769 1002 829 gratiam
1037 770 1203 832 pietate
1227 769 1332 814 casti
1366 767 1508 813 cordis

137 838 352 899 erogaret3
374 839 503 885 etiam
523 838 763 884 mercedem
788 843 877 898 ejus
899 856 977 901 per
1007 855 1105 883 eum
1130 838 1316 901 Spiritus
1338 847 1510 883 sanctus

139 920 339 973 operatus
355 921 417 955 est
432 947 442 965 ‚
466 926 599 971 quam
616 910 727 954 sicut
749 908 840 971 ipse
858 909 982 963 dicit,
1005 908 1157 965 reddet
1180 909 1218 953 ei
1232 908 1446 953 Dominus
1465 907 1510 951 in

139 980 261 1025 illuni
275 979 386 1024 diem
398 978 692 1038 justusjudeX.
715 978 817 1022 Illos
836 995 936 1023 vero
952 978 1028 1040 qui
1049 977 1330 1037 Evangelium
1346 993 1510 1022 annun-

139 1049 309 1093 tiabant
329 1065 417 1093 non
434 1056 564 1102 caste,
583 1047 659 1110 qui
678 1065 765 1092 non
779 1046 956 1111 quidem
979 1046 1096 1092 aliud
1109 1048 1192 1092 nisi
1202 1047 1423 1093 veritatem
1438 1083 1448 1101 ,
1465 1045 1512 1091 id

139 1128 226 1173 est,
253 1118 477 1163 Christum
492 1154 502 1172 ‚
531 1128 677 1161 tamen
700 1134 787 1161 non
817 1116 997 1161 veritate
1024 1117 1164 1172 cordis
1187 1117 1317 1172 honi,
1340 1115 1412 1161 sed
1436 1132 1514 1178 per

140 1187 407 1233 occasionem
426 1186 759 1232 commodorum
779 1196 954 1231 suorum
976 1186 1294 1231 annuntiabant
1324 1204 1333 1230 :
1357 1186 1509 1240 Sinite,

140 1256 306 1321 inquit,
333 1252 414 1301 hos
444 1256 701 1301 annuntiare
728 1273 738 1299 ε
767 1265 808 1300 et
832 1254 989 1314 gaudet
1014 1272 1102 1300 non
1125 1255 1274 1318 utique
1304 1254 1413 1310 illis,
1440 1253 1514 1299 sed

141 1325 198 1371 eis
213 1325 287 1389 qui
301 1343 379 1388 per
396 1342 464 1370 eos
480 1324 584 1370 salvi
599 1325 781 1381 fiebant,
805 1335 993 1369 tenentes
1007 1335 1278 1387 praeceptum
1299 1323 1480 1368 dicentis
1499 1341 1509 1367 :

141 1416 161 1435 «
190 1395 301 1451 Quae
319 1395 473 1440 dicunt
493 1394 644 1451 facite,
670 1412 771 1458 quae
792 1405 933 1440 autem
962 1395 1131 1440 faciunt
1147 1432 1157 1448 ,
1185 1394 1324 1440 facere
1350 1393 1511 1446 nolite;

143 1464 334 1510 »dicunt
357 1463 470 1509 enim
496 1474 536 1509 et
559 1481 646 1509 non
670 1463 876 1510 faciunt1.
908 1486 928 1505 »
955 1464 1019 1509 De
1040 1464 1107 1509 his
1131 1465 1262 1509 etiam
1283 1462 1514 1526 Apostolus

143 1535 196 1579 ad
229 1534 531 1597 Philippenses
561 1534 789 1597 loquitur:
835 1555 853 1574 α
878 1528 1067 1590 Quidam
1097 1533 1274 1597 quidem
1294 1570 1305 1590 ,
1341 1533 1511 1596 inquit,

143 1625 164 1645 »
186 1621 262 1666 per
278 1603 487 1648 invidiam
509 1613 550 1647 et
571 1602 888 1647 contentionem
908 1623 918 1656 ;
938 1603 1118 1666 quidam
1139 1614 1240 1648 vero
1260 1620 1338 1666 per
1352 1603 1516 1647 bonam

143 1673 451 1719 »voluntatem
477 1671 702 1718 Christum
725 1672 993 1736 praedicarim
1014 1672 1194 1736 quidam
1214 1690 1260 1717 ex
1283 1671 1512 1726 charitate,

144 1765 165 1785 »
184 1745 362 1788 seientes
409 1742 616 1805 quoniam
662 1742 708 1788 in
753 1741 1044 1787 defensionem
1085 1742 1308 1802 Evangelii
1352 1741 1519 1804 positus

145 1835 166 1855 »
185 1830 307 1867 sum;
333 1813 512 1875 quidam
546 1830 646 1858 vero
677 1824 718 1857 et
749 1831 826 1876 per
846 1811 1168 1858 contumaciam
1193 1812 1417 1858 Christum
1439 1828 1518 1856 an-

144 1904 165 1924 »
183 1882 387 1928 nuntiant
405 1900 492 1928 non
509 1892 622 1927 caste
639 1919 650 1938 ,
672 1883 956 1927 existimantes
975 1882 1302 1928 tribulationem
1322 1880 1520 1927 suscitari

145 1974 166 1994 ³>
185 1952 370 1999 vinculis
397 1952 514 1999 meis.
541 1952 661 2007 Quid
679 1953 793 1998 enim
810 1990 819 2008 ‚
846 1953 950 1998 dum
973 1952 1092 1997 omni
1110 1952 1240 1997 modo
1257 1989 1269 2008 ‚
1291 1952 1376 1997 sive
1395 1967 1519 1996 occa-

146 2043 167 2064 »
186 2022 328 2079 sione,
370 2021 456 2068 sive
490 2022 668 2067 veritate
705 2023 905 2068 Christus
941 2021 1248 2067 annuntietur?
1282 2032 1324 2066 et
1357 2021 1403 2066 in
1431 2020 1518 2064 hoc

145 2113 166 2134 »
184 2091 375 2151 gaudeo,
404 2090 478 2136 sed
503 2100 544 2136 et
576 2090 822 2151 gaudeb02.
850 2114 868 2133 ›>
906 2091 1134 2154 Numquid
1157 2090 1427 2154 permitteret
1451 2105 1521 2134 eos

147 2154 370 2207 Christum
387 2160 625 2224 praedicare
639 2198 649 2216 ,
670 2178 772 2207 cum
793 2160 1017 2221 Evangelii
1032 2161 1253 2206 veritatem
1274 2177 1361 2204 non
1379 2157 1521 2205 veraci

147 2230 290 2276 cordis
311 2230 504 2276 castitate
533 2230 855 2293 praedicarent>
880 2230 1108 2293 Numquid
1136 2230 1189 2275 de
1225 2229 1377 2274 talium
1401 2244 1522 2291 prae-

148 2299 362 2345 dicatione
382 2299 611 2359 gauderet,
638 2300 718 2345 nisi
749 2301 876 2345 sciret
901 2299 1018 2363 quod
1051 2299 1136 2344 illis
1164 2298 1339 2362 quidem
1369 2298 1521 2360 perni-

149 2369 311 2415 ciosum
348 2379 482 2425 esset,
520 2387 611 2415 rem
644 2380 805 2415 castam
841 2387 930 2415 non
961 2379 1076 2415 caste
1114 2368 1367 2414 annuntiare
1395 2384 1406 2411 ι
1441 2366 1524 2411 illis

150 2450 294 2500 autem
318 2440 490 2486 salubre
507 2477 517 2496 ‚
546 2440 622 2503 qui
646 2440 764 2485 bona
783 2451 825 2486 et
843 2457 943 2485 vera
966 2457 1044 2503 per
1073 2456 1143 2485 eos
1173 2438 1393 2484 audientes
1414 2454 1524 2501 pro-

150 2506 327 2556 ficerent
349 2509 403 2555 ad
423 2509 631 2556 salutem?
665 2512 782 2555 Nam
806 2509 884 2555 ubi
910 2527 998 2556 non
1028 2510 1228 2558 Christus
1256 2508 1331 2572 qui
1366 2507 1521 2556 Veritas

198 2592 208 2614 ¹
229 2588 348 2625 Matth.
364 2593 502 2632 xx111,3.
520 2592 565 2616 '—
583 2589 599 2614 ²
612 2590 730 2635 Philip.
752 2599 774 2631 ¹,
793 2592 912 2625 15-18.
