1894 3154
322 212 415 266 428
748 228 782 258 s,
824 225 1070 257 Aueesrrm
1106 227 1310 257 Erlscom

319 293 501 345 maxime
518 293 747 357 proferunt
771 310 782 337 :
803 314 822 334 α
842 292 1033 349 Quidam
1056 294 1189 338 nostri
1209 331 1218 348 ‚
1242 292 1410 356 inquit,
1437 294 1701 357 praevarica-

319 375 431 409 tores
451 365 666 420 veritatis,
696 364 914 409 haereticis
940 365 1244 424 suffragantur.
1272 386 1291 404 >³
1318 363 1497 410 Accedit
1512 375 1552 409 et
1576 365 1700 410 testi-

319 435 516 481 monium
542 435 787 499 Cypriani,
827 435 924 479 satis
960 434 1294 480 demonstrantis
1315 434 1436 498 quod
1470 435 1515 480 in
1551 451 1699 481 eorum

322 506 628 552 communione
647 506 953 570 permanserit,
978 504 1164 550 dicendo
1184 523 1194 549 2
1220 526 1239 545 α
1259 505 1483 550 ¹Neminem
1499 505 1700 566 judican-

321 587 381 621 tes
395 613 405 623 .
437 587 511 621 aut
531 581 662 636 ajUre
686 574 1005 620 communionis
1024 573 1212 637 aliquem
1233 574 1266 618 si
1289 573 1506 620 diversum
1524 575 1701 620 senserit

321 657 579 692 amoventes.
608 668 627 687 »
654 645 745 708 Ipsi
778 645 890 689 enim
917 654 1040 688 erant
1071 644 1148 706 qui
1184 643 1403 689 diversum
1429 644 1695 701 sentiebant,

319 733 427 780 quos
457 717 535 762 iste
568 715 927 779 praevaricatores
965 724 1121 770 vocat,
1154 715 1259 777 quia
1289 714 1452 759 scilicet
1483 715 1701 761 haereticis

319 788 698 847 suffragabantur,
741 787 828 830 sine
866 785 1086 848 baptismo
1125 802 1195 830 eos
1233 785 1278 830 in
1311 784 1550 830 Ecclesiam
1584 787 1700 831 reci-

318 857 494 920 piendo.
526 859 632 902 Eam
653 872 827 919 quoque
851 855 979 900 fuisse
1003 854 1359 900 consuetudinem
1382 865 1431 899 ut
1454 855 1513 900 sic
1537 855 1701 918 recipe-

322 938 471 972 rentur
487 948 497 981 3
521 938 561 973 et
579 928 671 990 ipse
687 925 936 989 Cyprianus
954 925 1100 970 multis
1117 925 1222 970 locis
1238 962 1248 980 ,
1266 936 1309 969 et
1326 924 1492 987 aliquot
1508 925 1703 988 episcopi

320 997 363 1042 in
389 998 475 1042 hoc
499 997 684 1043 concilio
713 995 1002 1042 manifestant.
1039 995 1165 1040 Unde
1197 1005 1407 1058 apparet,
1441 995 1474 1040 si
1503 995 1701 1041 haeretici

322 1085 409 1112 non
444 1068 611 1113 habent
642 1067 937 1130 baptismum,
976 1065 1213 1111 Ecclesiam
1249 1065 1413 1111 Christi
1452 1076 1701 1128 temporum

259 1192 262 1194 -
321 1137 496 1183 illorum
525 1136 938 1201 praevaricatoribus
968 1135 1098 1181 fuisse
1122 1135 1298 1199 plenam
1318 1173 1328 1191 ,
1361 1135 1438 1199 qui
1460 1136 1517 1180 eis
1544 1137 1701 1181 suffra-

321 1219 466 1267 gantes
491 1208 550 1253 sic
573 1225 642 1253 eos
674 1207 959 1270 recipiebant.
993 1207 1157 1266 Agatur
1179 1223 1277 1265 ergo
1305 1223 1432 1251 causa
1458 1206 1701 1252 communis

322 1278 525 1324 adversus
558 1279 721 1324 crimen
755 1277 1128 1341 praevaricationis
1159 1276 1277 1339 quod
1308 1293 1459 1336 negare
1489 1294 1572 1321 non
1599 1294 1700 1340 pos-

323 1360 444 1396 sunt.
483 1360 524 1394 et
561 1350 624 1394 ibi
659 1359 806 1408 agetur
839 1358 983 1392 nostra
1019 1347 1222 1392 adversus
1256 1347 1420 1392 crimen
1456 1346 1701 1392 traditionis

322 1420 439 1483 quod
464 1420 721 1465 convincere
740 1436 826 1464 non
852 1429 1104 1481 potuerunt.
1139 1417 1224 1462 Sed
1256 1417 1316 1462 sic
1344 1434 1518 1476 agamus
1538 1454 1547 1470 ‚
1577 1418 1701 1481 quasi

320 1490 618 1535 convicerint:
649 1489 768 1553 quod
807 1490 975 1551 utrique
1002 1487 1350 1551 responderimus
1376 1487 1434 1532 eis
1469 1488 1544 1550 qui
1573 1488 1700 1533 nobis

321 1560 539 1619 objiciunt
556 1564 772 1619 majorum
792 1570 1039 1604 nostrorum
1058 1558 1464 1621 praevaricationem
1482 1595 1492 1607 ,
1514 1558 1600 1621 hoc
1624 1575 1701 1603 nos

319 1631 410 1676 istis
433 1630 792 1695 respondebimus
814 1630 888 1692 qui
909 1630 1036 1675 nobis
1061 1628 1276 1688 obJ'iciunt
1301 1632 1511 1688 majorum
1531 1638 1700 1673 nostro-

320 1719 414 1746 rum
443 1702 732 1746 traditionem.
780 1700 902 1745 Sicut
935 1701 1047 1746 enim
1088 1717 1166 1762 per
1202 1703 1416 1759 majorum
1453 1709 1700 1744 nostrorum

323 1771 597 1816 traditionem
615 1808 625 1825 ‚
651 1770 765 1816 unde
786 1787 827 1815 se
848 1770 915 1815 isti
941 1771 1210 1825 diviserunt,
1238 1787 1315 1814 nos
1333 1769 1492 1814 mortui
1515 1786 1662 1815 sumus
1686 1787 1696 1814 :

320 1841 378 1885 ita
398 1858 474 1903 per
493 1845 707 1900 majorum
742 1841 1146 1903 praevaricationem
1165 1878 1175 1896 ‚
1204 1840 1278 1903 qui
1300 1850 1341 1884 et
1359 1840 1492 1884 nostri
1516 1850 1557 1884 et
1587 1840 1702 1903 ipso-

322 1928 416 1955 rum
447 1922 646 1973 parentes
672 1911 847 1955 fuerunt
867 1947 877 1965 ,
907 1921 947 1955 et
966 1928 1042 1955 nos
1070 1921 1111 1955 et
1133 1911 1214 1973 ipsi
1242 1910 1400 1954 mortui
1422 1927 1584 1956 sumus.
1616 1910 1701 1956 Sed

322 1981 423 2042 quia
440 1997 481 2024 se
494 1980 637 2025 virere
658 1979 814 2024 dicunt
832 2016 842 2035 ,
865 1980 1051 2025 credunt
1070 1979 1189 2042 quod
1212 1980 1265 2024 ad
1287 1996 1355 2024 eos
1380 1997 1467 2023 non
1489 1980 1702 2042 pertineat

320 2049 390 2094 illa
424 2049 729 2112 praevaricatio
763 2067 774 2094 z
802 2066 901 2109 ergo
936 2066 1014 2095 nec
1040 2049 1094 2094 ad
1127 2066 1204 2094 nos
1231 2049 1301 2094 illa
1327 2048 1514 2094 traditio.
1550 2050 1604 2094 Et
1627 2049 1700 2094 illa

322 2120 499 2183 quidem
534 2120 836 2183 praevariCatio
861 2119 1098 2165 secundum
1124 2120 1239 2183 ipsos
1264 2130 1379 2164 certa
1416 2130 1477 2164 est
1505 2137 1515 2164 :
1547 2137 1701 2166 secun-

324 2190 428 2235 dum
449 2207 525 2235 nos
550 2201 693 2235 autem
722 2208 801 2235 nec
820 2192 1006 2236 anterior
1025 2190 1327 2254 praevaricatio
1345 2206 1444 2236 vera
1476 2200 1537 2235 est
1561 2207 1572 2235 ε
1599 2191 1702 2254 quia

322 2272 364 2306 et
396 2261 624 2306 haereticos
649 2261 835 2307 dicimus
859 2280 982 2324 posse
1008 2262 1170 2307 habere
1197 2261 1467 2324 baptismum
1504 2261 1698 2315 Christi3

323 2350 404 2378 nec
422 2333 636 2395 posterior
650 2332 823 2378 traditio
837 2369 848 2389 ‚
874 2334 975 2396 quia
996 2334 1039 2378 in
1059 2351 1106 2378 ea
1123 2349 1250 2379 causa
1271 2343 1370 2378 sunt
1389 2332 1471 2395 ipsi
1491 2334 1694 2396 superati.

322 2403 418 2449 Non
442 2403 608 2447 habent
633 2420 732 2463 ergo
754 2403 823 2448 isti
844 2421 923 2448 cur
946 2422 967 2448 a
990 2405 1116 2449 nobis
1135 2403 1298 2448 nefario
1317 2402 1471 2448 scelere
1491 2402 1700 2448 schisma-

325 2473 374 2517 tis
395 2483 675 2535 separentur:
696 2474 797 2536 quia
822 2474 955 2519 nostri
979 2479 1158 2534 majores
1183 2474 1215 2518 si
1240 2473 1465 2518 traditores
1496 2490 1583 2518 non
1610 2472 1700 2519 fue-

320 2553 422 2588 runt
440 2578 452 2598 ,
488 2542 599 2588 sicut
632 2560 709 2588 nos
733 2543 943 2600 dicimus,
977 2562 1063 2591 non
1087 2554 1149 2591 est
1177 2544 1297 2608 quod
1334 2543 1388 2590 ad
1412 2561 1489 2590 nos
1523 2544 1699 2590 omnino
