1894 3154
290 299 347 331 DE
382 296 602 331 BAPT1sMo
636 294 813 328 CONTRA
842 292 1136 338 DONATISTAS,
1172 298 1262 329 1113.
1303 298 1365 332 1v.
1438 286 1533 348 3¹9

159 382 248 413 non
269 365 362 411 fieri
378 402 388 421 ,
415 374 457 410 et
480 374 626 409 utrum
647 362 782 425 possit
807 361 926 426 apud
948 361 1179 408 haereticos
1212 364 1306 410 fieri
1345 382 1357 410 ε
1394 365 1475 411 ubi
1500 366 1536 412 si

160 438 303 483 minus
318 436 357 481 ei
380 433 544 497 ahquid
564 433 800 480 revelatum
824 442 908 489 est,
944 444 994 479 ut
1019 434 1275 494 magnitudo
1308 435 1533 482 eharitatis

160 510 251 566 ers
288 521 374 568 qua
407 500 617 549 unitatem
653 520 741 548 non
779 503 966 549 deseruit
997 504 1287 566 probaretur,
1314 521 1404 549 non
1439 505 1536 551 ideo

159 577 392 640 quisquam
410 575 541 620 tantis
563 578 654 634 ejus
677 574 958 620 firmamentis
980 575 1232 638 meritisque
1261 576 1476 621 virtutum
1496 587 1538 622 et

160 655 295 690 tantae
314 647 456 707 copiae
479 645 716 704 gratiarum
736 644 867 690 debet
889 662 930 690 se
948 645 1106 691 audere
1129 663 1386 709 praeponere
1402 684 1412 703 ,
1438 648 1540 710 quia

161 715 410 762 universalis
446 715 621 760 concilii
664 714 911 761 admonitus
947 715 1176 772 firmitate,
1216 716 1335 762 videt
1373 717 1539 781 aliquid

161 785 279 849 quod
300 785 371 830 ille
394 802 481 831 non
499 784 608 830 vidit
627 822 636 839 ,
660 786 762 847 quia
782 785 1027 848 plenarium
1051 785 1104 831 de
1127 786 1211 832 hac
1237 804 1282 833 re
1301 788 1538 833 concilium

161 855 361 900 nondum
384 855 579 900 habebat
602 854 808 901 Ecclesia.
850 855 975 901 Sicut
996 873 1075 901 nec
1100 857 1218 901 Petri
1240 857 1425 920 apostoli
1448 875 1541 903 me-

162 925 255 970 ritis
275 925 504 989 quisquam
524 935 612 969 tam
632 924 806 977 insanus
824 935 885 970 est
905 935 951 970 ut
973 942 1015 970 se
1034 937 1284 989 praeponat‚
1300 927 1403 989 quia
1418 928 1542 972 Pauli

164 994 349 1057 apostoli
372 994 552 1039 edoctus
573 994 726 1039 litteris
743 1031 754 1049 ‚
779 1005 822 1039 et
851 994 988 1057 ipsius
1007 999 1097 1054 jam
1126 995 1333 1041 Ecclesiae
1358 1014 1543 1042 eonsue-

164 1065 315 1110 tudine
337 1065 592 1120 roboratus,
623 1081 712 1109 non
732 1064 849 1124 cogit
872 1075 1015 1125 gentes
1028 1065 1253 1125 judaizare
1270 1103 1282 1124 ,
1311 1067 1431 1131 quod
1456 1069 1542 1113 Pe-

164 1145 257 1180 trus
279 1134 514 1198 aliquando
535 1133 780 1193 co'e'geratl.

230 1205 308 1251 IX.
340 1226 360 1246 α
382 1205 481 1249 Non
507 1221 607 1263 ergo
631 1204 874 1250 invenimus
897 1205 953 1250 ab
973 1206 1190 1268 Apostolis
1210 1206 1418 1270 aliquam,
1443 1225 1544 1260 cum

167 1273 284 1338 apud
305 1273 537 1318 haereticos
561 1274 810 1336 baptizatus
834 1285 938 1320 esset
955 1311 967 1331 ,
990 1275 1034 1320 in
1057 1276 1205 1320 eodem
1227 1277 1446 1339 baptismo
1465 1278 1541 1323 ad·-

164 1344 344 1389 missum
365 1360 451 1388 esse
470 1352 512 1388 et
539 1345 897 1389 communicasse.
927 1364 948 1384 >³
979 1344 1064 1389 Sed
1088 1353 1229 1408 neque
1260 1345 1347 1391 1106
1376 1347 1549 1393 inveni-

164 1431 287 1469 mus,
324 1414 380 1459 ab
412 1412 630 1458 haereticis
665 1412 853 1477 aliquem
890 1413 1129 1460 venientem
1148 1452 1158 1470 ,
1194 1415 1272 1478 qui
1302 1416 1422 1479 apud
1451 1417 1548 1462 illos

148 1483 292 1530 -fuerit
309 1483 587 1547 baptizatus,
631 1483 686 1528 ab
722 1483 939 1547 Apostolis
959 1484 1104 1530 denuo
1138 1484 1426 1547 baptizatum.
1460 1487 1546 1532 Sed

165 1554 240 1600 illa
262 1553 533 1600 consuetudo
550 1590 560 1609 ‚
587 1570 719 1616 quam
745 1555 874 1599 etiam
898 1565 1003 1600 tunc
1029 1554 1227 1600 homines
1255 1572 1424 1601 sursum
1445 1574 1546 1602 ver-

167 1641 236 1670 sus
253 1623 530 1686 respicientes
547 1639 638 1667 non
659 1623 874 1669 videbant
898 1642 921 1669 a
943 1625 1258 1687 posterioribus
1274 1625 1518 1671 institutam
1530 1664 1542 1683 ,

167 1704 283 1740 recte
301 1694 357 1739 ab
383 1692 602 1756 Apostolis
628 1693 787 1738 tradita
811 1693 1019 1740 creditur.
1055 1696 1109 1739 Et
1136 1694 1236 1740 talia
1262 1696 1398 1740 multa
1419 1708 1519 1743 sunt
1535 1735 1546 1753 ,

167 1781 268 1828 quae
288 1763 468 1822 longum
489 1773 552 1807 est
575 1774 783 1826 repetere.
817 1764 1101 1828 Quapropter
1134 1765 1168 1810 si
1188 1782 1276 1811 non
1296 1766 1408 1812 nihil
1427 1767 1550 1813 dice-

167 1835 300 1891 bant,
333 1833 495 1896 quibus
526 1832 572 1878 id
605 1833 725 1895 quod
760 1834 797 1879 ei
829 1834 970 1880 visum
994 1845 1080 1891 est,
1116 1834 1263 1881 volens
1291 1838 1550 1898 persuadere

172 1904 421 1966 Cyprianus
452 1903 512 1947 ait
540 1920 550 1947 :
585 1924 604 1943 ιι
624 1905 686 1947 me
717 1903 947 1966 quisquam
966 1904 1084 1950 dicat
1109 1922 1118 1949 :
1142 1904 1275 1961 Quod
1303 1908 1551 1970 accepimus

171 1974 227 2019 ab
248 1972 479 2036 Apostolis‚
498 1972 585 2017 hoc
606 1973 827 2035 sequimur
850 1990 860 2018 ε
883 1995 904 2015 »
920 1985 1085 2037 quanto
1108 1975 1331 2020 robustius
1350 1994 1468 2023 nunc
1488 1978 1554 2023 di-

172 2044 310 2088 cimus
336 2060 347 2088 :
372 2041 505 2099 Quod
530 2041 738 2087 Ecclesiae
759 2043 1029 2089 consuetudo
1049 2061 1217 2107 semper
1235 2046 1399 2102 tenuit,
1428 2047 1550 2110 quod

171 2114 272 2160 haec
289 2112 530 2176 disputatio
545 2112 792 2158 dissuadere
811 2129 898 2157 non
915 2114 1061 2176 potuit
1075 2150 1087 2169 ‚
1110 2124 1153 2158 et
1171 2114 1290 2177 quod
1304 2115 1552 2177 plenarium

175 2183 413 2229 concilium
449 2183 728 2227 confirmavit
745 2218 757 2235 ,
794 2182 882 2228 1106
918 2183 1172 2246 sequimur?
1214 2185 1314 2229 Huc
1352 2186 1521 2232 accedit
1537 2225 1549 2245 ,

175 2255 296 2318 quod
323 2255 433 2300 bene
462 2253 701 2317 perspectis
725 2270 773 2298 ex
797 2263 983 2316 utroque
1000 2253 1131 2299 latere
1150 2253 1456 2317 disputationis
1481 2274 1556 2303 ra-

177 2326 371 2371 tionibus
391 2335 432 2370 et
453 2325 782 2388 Scripturarum
806 2325 1062 2370 testimoniis
1076 2362 1088 2381 ‚
1114 2335 1255 2389 potest
1279 2326 1410 2372 etiam
1430 2327 1519 2374 dici
1540 2346 1551 2374 :

179 2396 313 2453 Quod
334 2396 490 2443 veritas
511 2395 776 2455 declaravit,
799 2396 886 2441 1106
907 2395 1144 2459 sequimur.

243 2467 298 2513 X.
328 2466 441 2512 Nam
466 2483 512 2512 re
527 2483 630 2514 vera
649 2465 761 2512 illud
783 2464 905 2529 quod
920 2465 1102 2529 quidam
1123 2466 1337 2531 Cypriani
1357 2468 1563 2533 disputa-

178 2536 373 2584 tionibus
394 2537 709 2601 opponebant,
730 2535 852 2600 quod
876 2535 1113 2599 Apostolus
1133 2538 1194 2584 ait
1217 2555 1230 2583 ε
1258 2538 1565 2589 Verumtamen

228 2620 240 2644 ¹
258 2621 364 2657 Galat.
379 2632 416 2662 ιι,
439 2627 494 2659 14.
