1894 3154
435 252 609 284 CONTRA
641 251 847 283 LITTERAS
883 250 1126 291 PETILIANI,
1165 251 1255 282 LIB.
1298 251 1326 281 Ι.
1488 237 1574 298 [171

212 321 339 367 etiam
363 321 397 366 si
419 337 520 367 vera
544 320 727 365 crimina
762 318 1018 377 objicerent,
1046 335 1125 380 pro
1149 334 1257 380 pace
1289 327 1432 362 tamen
1472 317 1587 363 tole-

211 391 370 436 randos
393 392 522 437 etiam
546 390 631 453 ipsi
661 399 887 443 testantur,
922 388 1100 450 quando
1120 405 1189 432 eos
1216 404 1326 450 quos
1349 387 1589 433 damnave-

210 473 315 507 runt
349 478 450 507 cum
493 460 578 505 suis
614 458 874 512 honoribus,
901 468 1069 502 etcum
1105 456 1208 501 foris
1242 457 1343 502 dato
1368 458 1587 519 baptismo

210 533 495 593 receperunt?
527 528 688 575 Consid
699 537 821 573 erent
842 526 1076 589 aliquando
1106 525 1215 588 quid
1236 525 1354 585 digni
1376 526 1476 579 sint,
1498 525 1591 587 pati

212 598 764 663 christianis·potestatibus
785 597 902 643 orbis
920 608 1149 652 terrarum,
1169 596 1314 641 hostes
1342 596 1591 641 christianae

210 671 385 716 unitatis
403 671 570 716 diffusae
590 679 679 714 toto
693 668 796 713 orbe
810 678 1035 713 terrarum.
1057 668 1155 711 ι13111
1169 666 1301 724 igitur
1324 665 1357 710 si
1378 665 1589 711 correctio

210 742 334 805 pigra
354 752 433 796 est,
458 740 605 786 saltem
636 739 745 784 adsit
764 738 933 802 pudor3
961 755 1013 782 ne
1040 736 1171 782 iidem
1190 736 1274 799 ipsi
1295 753 1395 782 cum
1413 754 1461 782 ea
1488 753 1590 799 quae

212 812 430 866 scribunt,
453 812 591 870 legere
614 811 846 872 coeperint,
868 808 977 852 risus
996 825 1065 853 eos
1076 808 1239 861 vincat,
1262 806 1367 852 dum
1383 807 1428 852 in
1446 823 1590 852 senon

213 892 450 940 agnoscunt
468 880 589 944 quod
609 879 746 925 videri
761 879 913 924 volunt
927 878 972 923 in
990 878 1102 933 aliis,
1123 894 1202 922 nec
1221 878 1267 922 in
1286 894 1328 922 se
1346 885 1587 937 agnoscunt

213 951 333 1014 quod
357 952 449 997 aliis
468 951 699 1011 objiciunt.

278 1022 400 1067 XXI.
434 1021 554 1077 Quid
579 1021 712 1080 igitur
734 1019 817 1064 sibi
840 1018 952 1073 vult,
979 1018 1100 1082 quod
1129 1018 1206 1063 iste
1234 1018 1280 1063 in
1306 1016 1503 1080 Epistola
1520 1032 1595 1060 sua

213 1092 358 1155 posuit
393 1091 609 1137 dicentem
648 1090 885 1135 Dominum
910 1090 933 1132 J
943 1089 1104 1134 udaeis:
1127 1111 1141 1128 «
1163 1088 1353 1151 Ideoque
1376 1087 1501 1132 mitto
1538 1085 1595 1131 ad

216 1183 236 1204 »
260 1179 337 1207 vos
361 1163 599 1225 prophetas
620 1199 630 1216 ,
654 1172 695 1206 et
712 1161 922 1223 sapientes
947 1170 987 1204 et
1008 1160 1172 1205 scribas
1192 1197 1203 1215 ,
1229 1170 1270 1204 et
1299 1176 1346 1204 ex
1368 1158 1450 1203 illis
1473 1158 1597 1202 occi-

216 1253 237 1274 >³
255 1232 381 1288 detis,
399 1244 439 1277 et
461 1232 720 1291 crucifigetis
737 1268 748 1287 ,
773 1241 813 1275 et
832 1230 1102 1289 flagellabitis
1122 1229 1168 1276 ¹1?
1189 1231 1334 1275 »Nam
1359 1229 1392 1274 si
1415 1245 1456 1273 se
1479 1228 1597 1290 ipsos

214 1304 394 1363 intelligi
415 1303 571 1349 volunt
612 1303 841 1365 sapientes,
864 1312 905 1347 et
931 1302 1119 1356 scribas,
1159 1312 1199 1346 et
1236 1300 1492 1364 prophetas,
1519 1315 1599 1343 nos

217 1384 360 1419 autem
378 1383 585 1435 tanquam
607 1382 899 1436 persecutores
917 1371 1179 1434 sapientium
1199 1382 1241 1416 et
1257 1371 1593 1434 prophetarum,

216 1460 351 1506 quare
372 1443 604 1487 nobiscum
627 1442 748 1504 loqui
770 1441 927 1486 nolunt
943 1478 954 1497 ‚
980 1458 1081 1486 cum
1121 1441 1176 1486 ad
1212 1458 1288 1486 nos
1328 1441 1443 1485 missi
1464 1441 1600 1484 sunt?

218 1513 419 1575 Denique
442 1513 518 1558 iste
537 1512 613 1575 qui
632 1511 751 1557 illam
775 1511 948 1573 scripsit
973 1510 1239 1573 Epistolam,
1272 1510 1343 1555 cui
1365 1509 1495 1554 modo
1513 1526 1601 1554 res-

218 1584 478 1647 pondemus,
511 1585 544 1629 si
569 1593 770 1642 urgeatur
794 1600 816 1627 a
834 1583 978 1637 nobis,
1007 1593 1055 1627 ut
1083 1583 1119 1627 ei
1139 1599 1271 1627 manu
1294 1581 1475 1644 propria
1497 1581 1600 1625 sub·

219 1655 411 1699 scribens
430 1671 548 1699 suam
572 1670 657 1698 esse
683 1653 884 1708 fateatur,
909 1651 1019 1697 forte
1043 1669 1129 1697 non
1153 1652 1311 1697 faciat:
1333 1668 1467 1714 usque
1492 1650 1600 1696 adeo

218 1725 390 1778 timent,
410 1741 463 1769 ne
483 1723 571 1769 ulla
589 1740 739 1768 eorum
753 1723 884 1768 verba
896 1733 1130 1768 teneamus.
1156 1722 1267 1766 Nam
1286 1738 1387 1766 cum
1405 1720 1598 1780 ejusdem

220 1794 427 1857 Epistolae
446 1793 727 1856 posteriorem
755 1803 919 1856 partem
945 1792 1092 1855 aliquo
1108 1792 1237 1836 modo
1259 1791 1465 1836 vellemus
1489 1791 1601 1837 acci-

219 1881 339 1929 pere,
355 1865 458 1927 quia
479 1874 612 1908 totam
625 1863 867 1909 describere
881 1881 902 1908 a
917 1863 1078 1925 quibus
1092 1863 1217 1907 nobis
1238 1862 1337 1907 data
1360 1872 1423 1906 est
1446 1860 1605 1925 nequi-

220 1946 406 1988 verunt3
444 1934 588 1980 nullus
631 1952 653 1979 a
669 1950 756 1996 quo
773 1934 908 1996 petita
923 1944 1001 1986 est,
1019 1950 1112 1978 eam
1134 1933 1237 1977 dare
1253 1932 1408 1987 1011111,
1431 1942 1605 2007 postea-

222 2022 353 2069 quam
386 2014 681 2064 cognoverunt
704 2021 779 2049 nos
808 2004 845 2048 ei
873 2005 1018 2066 parti,
1059 2003 1112 2048 ad
1134 2019 1265 2065 quam
1304 2003 1598 2065 pervenimus,

221 2075 495 2139 respondere.
526 2076 682 2137 Itaque
708 2092 809 2120 cum
830 2074 975 2133 legant
998 2072 1372 2136 quemadmodum
1392 2073 1607 2119 Dominus

220 2146 456 2209 Prophetae
478 2145 621 2190 dicat·
649 2166 669 2185 α
703 2143 904 2189 Exclama
927 2144 1232 2198 vehementer,
1260 2160 1348 2188 non
1389 2153 1450 2188 est
1482 2143 1605 2206 quod

222 2239 245 2259 »
266 2234 442 2280 paleas,
457 2226 499 2261 et
517 2216 658 2262 scribe
686 2215 802 2278 stjlo
825 2231 920 2259 meo
934 2225 1112 2277 peccata
1133 2231 1280 2259 efflum
1302 2215 1353 2242 '2-
1344 2231 1353 2258 :
1375 2235 1395 2255 >³
1422 2214 1489 2259 isti
1507 2232 1610 2277 pro-

223 2287 373 2351 phetae
399 2286 489 2331 veri
512 2286 587 2348 qui
612 2286 725 2331 missi
759 2295 858 2330 sunt
885 2285 937 2329 ad
980 2302 1075 2331 nos.
1104 2285 1217 2330 1111111
1253 2285 1312 2329 sic
1339 2285 1508 2341 timent,
1538 2284 1610 2331 sed

227 2368 382 2404 cavent
406 2374 460 2402 ne
482 2375 505 2401 a
526 2356 654 2402 nobis
672 2373 821 2401 eorum
842 2355 1007 2401 clamor
1027 2356 1255 2408 audiatur3
1286 2355 1406 2418 quod
1431 2356 1599 2419 utique,

229 2429 263 2476 si
282 2445 385 2474 vera
407 2427 460 2473 de
482 2427 608 2472 nobis
627 2426 837 2482 dicerent,
876 2443 965 2471 non
998 2426 1209 2471 timerent.
1243 2426 1341 2471 Non
1372 2426 1604 2482 immerito,

235 2499 348 2546 sicut
370 2498 416 2544 in
431 2498 603 2544 Psalmo
623 2496 836 2560 scriptum
853 2506 914 2541 est
937 2513 947 2541 ε
969 2518 988 2537 «
1010 2496 1272 2560 oppilatum
1289 2507 1349 2542 est
1368 2514 1413 2542 os
1433 2497 1616 2561 loquen-

285 2582 299 2606 1
318 2581 437 2616 Matth.
453 2593 553 2625 xxm,
571 2584 628 2619 34.
641 2598 687 2605 —
704 2579 720 2603 ²
737 2581 797 2613 lsai
830 2592 929 2620 tvm,
955 2593 982 2614 1.
