1894 3154
369 252 456 307 114
785 265 820 294 s,
863 263 1107 293 AUGUSTINI
1141 263 1344 293 EPlsCOPt

363 331 507 391 Hujus
532 329 655 393 palea
677 339 776 377 sunt
793 328 922 387 justi,
945 327 1022 390 qui
1041 344 1127 372 non
1152 338 1250 372 sunt
1275 327 1321 372 in
1338 327 1502 372 unitate
1523 344 1532 371 :

365 402 427 446 Ex
443 400 605 463 quibus
627 400 661 444 si
679 409 769 444 erat
790 397 1025 453 Macarius,
1047 414 1123 442 nos
1145 397 1253 460 quid
1273 397 1335 441 vis
1360 396 1631 459 rebaptizare
1644 399 1663 442 'a‘

496 503 653 561 Repet.
687 497 848 541 Omnes
873 496 948 558 qui
972 495 1183 555 gaudetis,
1214 507 1296 541 ele.

367 601 494 645 pos-E
514 596 558 641 in
579 594 708 640 corde
727 611 843 640 areas
864 593 988 650 duas,
1010 604 1058 638 ut
1076 594 1210 657 possis
1233 592 1351 657 quod
1372 592 1471 638 dico
1491 592 1653 639 videre.

371 671 496 715 Certe
513 676 553 711 et
575 665 740 729 priores
757 665 983 710 habebant
1003 675 1190 720 sanctos,
1211 664 1323 709 sicut
1338 663 1572 709 ostendunt
1586 663 1742 726 Scrip-

436 750 559 783 turae.

368 811 482 855 Nam
495 819 535 853 et
553 817 715 869 septem
734 804 868 850 millia
883 805 1075 850 virorum
1093 807 1207 850 Deus
1225 822 1266 850 se
1286 803 1671 868 dixit1·eliquisse1.

368 881 426 925 Et
447 877 686 924 sacerdotes
710 886 753 920 et
779 892 917 934 reges,
946 875 1072 920 multi
1090 875 1196 935 justi
1221 885 1322 920 sunt
1346 875 1392 920 in
1419 874 1556 934 lege2.

368 951 438 996 lbi
457 949 591 995 habes
612 958 755 992 tantos
771 946 1032 1009 Prophetas,
1062 947 1198 991 habes
1219 945 1377 991 multos
1397 957 1438 991 et
1455 945 1508 991 de
1532 945 1674 1009 plebe.

370 1021 454 1066 Dic
471 1018 580 1064 mihi
599 1017 695 1080 quis
716 1027 818 1061 tunc
833 1020 1047 1075 justorum
1067 1017 1283 1079 separavit
1307 1015 1390 1061 sibi
1409 1015 1568 1061 altare?

371 1091 511 1138 Multa
530 1088 682 1134 scelera
705 1087 962 1132 admittebat
978 1087 1152 1151 iniquus
1170 1087 1363 1150 populus
1377 1086 1447 1132 ille
1461 1124 1471 1142 ,
1501 1122 1511 1131 .,

372 1160 508 1206 Idolis
528 1157 814 1202 sacrificatum
836 1167 914 1212 est,
936 1167 1001 1202 tot
1019 1157 1149 1202 occisi
1169 1167 1269 1201 sunt
1286 1157 1534 1219 Proplietae.

373 1232 431 1277 Et
447 1246 572 1275 nemo
596 1238 739 1272 tamen
755 1230 972 1286 justorum
993 1226 1163 1272 recessit
1180 1227 1234 1271 ab
1253 1227 1428 1273 unitate.

371 1303 397 1348 J
404 1301 484 1347 usti
510 1300 689 1359 injustos
710 1297 986 1351 sufferebant,
1010 1308 1191 1342 venturo
1212 1297 1478 1344 ventilatore.

373 1374 471 1418 Uno
493 1368 655 1432 templo
680 1367 991 1422 miscebantur,
1017 1367 1087 1412 sed
1114 1368 1231 1412 mixti
1252 1385 1337 1412 non
1363 1378 1484 1413 erant
1506 1367 1649 1414 corde.

372 1442 592 1490 Dicebant
610 1439 657 1484 in
676 1437 771 1483 illos
790 1448 927 1494 tanta,
949 1449 990 1483 et
1009 1455 1146 1483 unum
1166 1437 1393 1483 habebant
1410 1438 1556 1485 altare.

526 1536 658 1593 tepet.
695 1529 856 1573 Omnes
880 1528 956 1591 qui
986 1528 1208 1587 gaudetis,
1238 1540 1320 1575 etat.

376 1624 499 1678 Quin
515 1618 639 1664 vobis
667 1617 719 1662 ad
741 1616 840 1662 haec
857 1616 1061 1662 videtur?
1081 1616 1283 1662 Secunda
1303 1617 1448 1663 messis
1471 1617 1674 1663 Ecclesiae
1689 1654 1699 1673 ‚

376 1694 489 1749 Quae
512 1707 590 1753 per
612 1699 749 1734 totum
769 1689 919 1733 orbem
937 1688 1107 1743 crescit,
1135 1688 1262 1750 plura
1291 1687 1421 1733 debet
1441 1688 1659 1735 sustinere.

377 1762 522 1809 Habet
544 1760 659 1805 enim
688 1759 864 1804 Domini
884 1758 1147 1820 exemplum,
1169 1769 1209 1803 et
1231 1758 1276 1802 in
1299 1757 1416 1802 Juda
1434 1758 1684 1804 traditore-⁹².

377 1833 510 1879 'Hunc
534 1831 642 1874 inter
665 1829 804 1873 bonos
825 1826 1014 1882 ferebat,
1042 1828 1161 1872 hunc
1189 1827 1304 1872 misit
1325 1838 1365 1872 et
1382 1828 1637 1889 praedicare.

381 1901 523 1948 Malus
539 1902 684 1945 servus
708 1897 999 1960 praedicabat,
1027 1897 1097 1942 sed
1127 1897 1327 1942 Christus
1345 1908 1436 1942 erat
1452 1898 1495 1943 in
1523 1898 1620 1944 fide.

384 1971 499 2029 Quia
519 1970 593 2033 qui
618 1968 760 2029 judici
788 1966 1056 2022 credebant,
1083 1984 1171 2012 non
1196 1967 1411 2012 curabant
1434 1967 1487 2012 de
1509 1984 1726 2030 praecone.

385 2040 573 2099 Quando
600 2039 721 2085 dedit
749 2048 944 2084 sanctam
972 2054 1168 2091 coenam,
1201 2055 1280 2083 nec
1309 2048 1413 2083 tunc
1430 2037 1554 2084 illum
1571 2037 1762 2085 excludit

448 2111 551 2158 inde
565 2110 583 2138 4
601 2127 611 2154 ε

389 2186 445 2230 Et
468 2192 612 2246 posset
635 2196 713 2243 per
739 2178 863 2224 illum
888 2177 1019 2234 tradi,
1050 2178 1176 2225 etiam
1196 2179 1230 2224 si
1253 2179 1400 2224 exisset
1418 2190 1530 2226 ante.

389 2253 473 2300 Sed
498 2252 626 2297 nobis
651 2249 893 2312 exemplum
919 2249 1068 2294 datum
1085 2260 1146 2294 est
1165 2249 1298 2295 malos
1315 2248 1467 2295 fratres
1493 2249 1695 2305 tolerare,

388 2326 448 2370 L't
470 2320 646 2386 quando
666 2337 754 2365 non
773 2331 954 2382 possunt
968 2318 1153 2374 excludi,
1176 2318 1265 2363 solo
1287 2336 1535 2381 separemur
1547 2319 1693 2366 corde.

524 2415 684 2474 lfepet.
719 2410 882 2455 Omnes
904 2409 980 2472 qui
1007 2408 1223 2469 gaudetis,
1255 2420 1336 2454 etc.

390 2510 544 2558 Rooo,
573 2499 829 2564 respondete
853 2500 998 2555 nobis,
1027 2500 1135 2563 quid
1161 2500 1293 2564 vultis
1310 2500 1576 2562 rebaptizare
1587 2502 1605 2544 ἒ)

435 2589 446 2612 1
470 2590 487 2619 3
504 2589 585 2628 Reg.
608 2595 676 2616 xix.
693 2584 744 2614 18.
766 2600 810 2605 -
825 2581 840 2603 ²
854 2586 949 2617 Rom.
966 2595 1008 2622 xi,
1030 2590 1060 2619 ί..
1078 2602 1123 2608 —
1141 2581 1155 2606 3
1175 2581 1290 2615 matth.
1310 2594 1341 2622 x,
1357 2589 1388 2620 4.
1401 2602 1438 2607 -
1458 2580 1473 2605 4
1487 2582 1537 2616 Id.
1555 2593 1645 2624 xxvi,
1668 2582 1721 2613 25.
