1894 3154
4 2013 11 2085 .-φ

378 301 551 335 CONTRA
584 300 828 356 EPISroLAn
862 299 1159 342 PARMENIANI,
1198 302 1287 333 LIB.
1327 302 1378 333 11.
1494 288 1576 350 167

218 379 309 414 tum
331 379 392 414 est
418 387 428 413 :
450 390 470 410 (ε
486 368 597 423 Quae
617 365 773 411 dicunt
793 364 940 420 facite,
961 382 1061 428 quae
1078 376 1222 411 autem
1238 365 1419 423 faciunt,
1439 366 1578 413 facere

217 460 237 480 >³
259 438 389 483 nolite
405 438 439 485 1.
463 459 483 479 ›>
502 438 612 482 Nam
632 435 815 480 effodere
838 436 960 480 lacus
980 435 1158 480 detritos
1170 435 1247 497 qui
1261 436 1480 481 continere
1497 454 1586 482 non

215 507 359 552 valent
382 524 528 570 aquas,
547 504 642 568 quis
660 522 726 549 me
744 504 954 567 prohibet
973 504 1032 549 sic
1052 504 1305 564 intelligere,
1324 504 1462 562 idest,
1483 523 1587 551 con-

215 578 322 622 verti
347 576 399 621 ad
431 577 697 623 voluntatem
723 585 962 629 terrenam,
1001 585 1043 620 et
1078 591 1166 619 non
1206 592 1329 638 posse
1367 577 1586 621 continere

217 646 430 708 Spiritum
454 657 667 696 sanctum,
689 662 817 708 quem
843 645 1018 689 nomine
1033 662 1159 708 aqnae
1177 645 1223 690 in
1253 646 1485 705 Evangelio
1505 646 1588 706 sig-

212 715 398 770 nificari,
424 716 520 778 quis
544 731 722 778 quoquo
763 714 890 759 modo
916 714 1192 760 Christianus
1233 715 1430 774 ignorat?
1475 717 1587 761 Item

214 801 323 847 aqua
351 784 529 830 mendax
552 801 639 829 non
656 784 820 828 habens
839 783 988 839 fidem,
1015 795 1155 846 potest
1171 785 1370 844 intelligi,
1397 802 1486 830 non
1498 785 1587 831 fal-

215 871 308 898 sum
330 855 564 916 baptisma,
590 853 662 899 sed
682 853 873 916 populus
892 853 1071 899 mendax
1094 864 1135 899 et
1171 854 1375 909 infidelis,
1396 871 1484 899 non
1509 871 1589 899 an-

216 924 447 968 numeratis
479 923 706 968 veracibus
725 933 767 967 et
793 922 1014 978 fidelibus,
1048 923 1121 968 sed
1144 923 1213 968 his
1235 923 1334 968 solis
1366 924 1442 985 qui
1465 941 1591 968 men—

214 992 339 1037 daces
358 1004 398 1037 et
418 992 612 1037 infideles
630 1002 744 1038 sunt.
766 992 877 1036 Nam
896 992 1084 1055 populos
1109 993 1344 1052 significari
1358 993 1591 1056 aliquando

216 1062 430 1107 vocabulo
456 1079 685 1124 aquarum,
705 1061 848 1121 legant
870 1062 916 1106 in
954 1062 1236 1125 Apocalypsi,
1257 1073 1298 1107 et
1320 1062 1593 1108 calumnien—

219 1142 289 1175 tur
302 1131 383 1176 sibi
397 1131 518 1193 prius
533 1131 679 1194 potius
693 1148 823 1194 quam
843 1131 983 1177 nobis.
1005 1133 1077 1177 Sic
1097 1133 1211 1177 enim
1231 1131 1392 1177 dicitur
1409 1133 1589 1188 Joanni,

217 1221 237 1241 «
267 1202 410 1263 Aquas
429 1218 533 1263 quas
560 1201 724 1256 vidisti,
754 1218 883 1264 super
909 1218 1016 1264 quas
1047 1201 1163 1247 sedet
1183 1202 1380 1246 meretrix
1403 1201 1493 1253 illa,
1517 1219 1594 1265 po-

218 1293 236 1310 »
260 1270 354 1333 puli
368 1281 409 1315 et
427 1272 570 1316 turbae
588 1282 705 1326 sunt,
724 1281 766 1315 et
780 1281 922 1330 gentes
941 1282 980 1316 et
999 1268 1160 1331 linguae
1180 1272 1214 1317 2.
1240 1292 1260 1312 »
1280 1272 1336 1316 Et
1349 1271 1459 1316 illud
1473 1271 1595 1334 quod

215 1340 427 1402 scriptum
449 1350 539 1386 est:
563 1364 582 1383 α
607 1341 693 1396 Qui
727 1340 975 1385 babtizatur
1005 1359 1027 1386 a
1063 1352 1256 1396 mortuo,
1285 1341 1393 1404 quid
1418 1341 1594 1403 proficit

217 1431 237 1451 »
260 1409 417 1456 lavatio
440 1414 530 1469 ejus
545 1411 591 1456 3?
613 1433 632 1451 ›>
659 1411 715 1454 Ut
734 1411 905 1456 interim
923 1411 1117 1456 differam
1144 1411 1459 1471 diligentiorem
1485 1411 1593 1457 isto-

214 1497 311 1525 rum
345 1481 579 1526 verborum
602 1480 923 1543 inquisitionem
940 1519 950 1537 ,
986 1482 1196 1527 tutissime
1218 1482 1386 1545 accipio
1401 1518 1411 1537 ,
1451 1499 1590 1544 paga-

214 1566 370 1594 norum
396 1550 662 1612 baptismata
682 1567 766 1594 esse
788 1550 1009 1606 denotata,
1036 1553 1139 1614 quia
1164 1551 1364 1596 homines
1391 1561 1432 1595 et
1453 1569 1474 1595 a
1498 1554 1590 1610 jus-

219 1619 311 1663 titia
330 1630 370 1663 et
388 1620 442 1664 ab
468 1620 547 1664 ista
575 1621 662 1664 vita
685 1630 876 1673 mortuos
896 1619 1073 1675 colunt,
1116 1620 1162 1665 in
1201 1637 1389 1683 quorum
1417 1621 1592 1665 nomine

217 1689 497 1751 baptizantur
515 1694 547 1735 Δ.
577 1689 785 1745 Quamvis
815 1690 927 1734 enim
951 1700 993 1734 et
1014 1689 1098 1753 ipsi
1127 1690 1369 1735 sacerdotes
1392 1707 1472 1753 per
1503 1690 1591 1735 im-

217 1759 419 1820 pietatem
464 1759 623 1803 mortui
666 1759 891 1815 dieantur,
936 1777 1024 1805 non
1065 1770 1211 1804 tamen
1239 1771 1421 1823 propter
1440 1776 1510 1804 eos
1533 1760 1594 1805 sic

217 1827 488 1887 intelligitur,
516 1828 587 1873 sed
605 1839 786 1891 propter
800 1839 993 1874 mortuos
1012 1829 1114 1874 deos
1134 1846 1300 1885 eorum,
1336 1830 1381 1874 in
1404 1845 1596 1892 quorum

217 1897 527 1956 significatione
540 1898 725 1943 dicitur:
744 1920 763 1939 c<
786 1901 901 1944 Deus
918 1910 1063 1944 noster
1088 1900 1203 1944 Deus
1219 1899 1344 1945 vivus
1362 1899 1394 1945 5.
1426 1921 1445 1940 >2
1467 1900 1594 1955 Qua-

216 1978 396 2030 propter
425 1968 501 2013 etsi
539 1969 657 2031 apud
683 1969 954 2015 Christianos
982 1980 1083 2015 sunt
1110 1969 1244 2032 aliqui
1276 1969 1504 2032 praepositi
1528 1968 1596 2015 vel

214 2038 416 2094 ministri,
440 2038 515 2101 qui
531 2057 609 2102 per
624 2039 895 2102 impietatem
930 2050 971 2084 et
985 2040 1260 2102 iniquitatem
1282 2057 1404 2085 suam
1432 2039 1597 2084 mortui

215 2118 330 2164 sunt,
352 2108 461 2154 vivit
493 2119 638 2153 tamen
662 2109 734 2154 ille
758 2109 811 2155 de
833 2125 921 2173 quo
960 2109 1130 2154 (lictum
1166 2119 1227 2154 est
1248 2110 1293 2154 in
1320 2108 1588 2167 Evangelio:

217 2199 237 2219 «
258 2179 342 2223 Hie
365 2189 426 2223 est
444 2179 520 2242 qui
554 2180 749 2242 baptizat
766 2181 818 2209 6·
808 2198 819 2225 :
843 2201 863 2221 >2
900 2179 1002 2243 quia
1042 2180 1154 2225 sicut
1175 2179 1284 2224 dicit
1325 2179 1593 2242 Apostolus:

217 2268 237 2289 «
263 2247 464 2293 Christus
491 2266 711 2308 resurgens
733 2268 756 2295 a
783 2250 965 2295 mortuis
979 2252 1101 2309 ‚jam
1132 2266 1222 2294 non
1241 2248 1449 2307 moritur,
1482 2266 1597 2294 mors

219 2337 238 2358 ι)
263 2316 327 2362 illi
346 2316 459 2363 ultra
477 2335 566 2363 non
598 2318 901 2365 dominabitur
923 2319 955 2365 ⁷.
988 2340 1009 2360 2>
1042 2319 1202 2375 Oleum
1227 2333 1328 2366 vero
1357 2319 1597 2382 peccatoris

216 2387 478 2449 apertissime
504 2388 702 2434 Psalmus
727 2389 894 2434 indicat
911 2425 920 2436 .
948 2388 1321 2452 quemadmodum
1338 2389 1597 2449 ,intelligen-

219 2455 325 2503 dum
336 2457 403 2503 sit.
423 2456 496 2503 Ait
507 2457 647 2503 enim:
664 2479 684 2500 «
704 2458 968 2504 Emendabit
983 2475 1052 2503 me
1074 2462 1214 2519 justus
1223 2459 1269 2504 in
1284 2458 1598 2515 misericordia,

268 2551 278 2573 1
301 2549 418 2584 Matrh.
438 2563 538 2590 xxur,
554 2555 586 2586 3.
606 2571 647 2577 -
674 2552 689 2575 2
713 2558 815 2596 Apoc.
842 2565 931 2596 xvxx,
962 2555 1015 2587 15.
1035 2572 1080 2578 —
1103 2553 1118 2577 3
1138 2555 1359 2594 Ecclifxxxtv,
1375 2561 1409 2591 4.
1429 2573 1472 2579 -—-
1487 2552 1502 2577 ⁴
1519 2554 1601 2586 vide

223 2604 280 2637 lib.
301 2615 318 2635 2
336 2611 446 2637 contra
464 2606 613 2640 Creseou.
629 2624 672 2631 —
690 2604 704 2630 5
717 2608 840 2641 Jerem.
855 2617 887 2654 ⁷³2
907 2618 957 2655 ¹⁰.·
975 2625 1019 2634 --
1037 2605 1052 2631 6
1068 2610 1166 2643 Joan.
1187 2619 1215 2654 1²
1232 2609 1286 2640 33.
1308 2626 1352 2636 —-
1367 2606 1494 2642 ⁷R0m.
1510 2618 1554 2646 vx,
1572 2618 1604 2648 9.
