1894 3154
358 251 445 298 138
777 266 811 295 S.
854 263 1097 294 AUGUSTINI
1132 261 1336 292 EPISCOPI

344 348 474 396 quam
511 331 667 377 acerba
689 346 916 394 perpessus
952 330 1033 384 sit,
1071 326 1264 373 recolant
1293 344 1303 371 ε
1342 337 1384 371 et
1412 337 1614 382 taceant,
1646 344 1725 372 nec

350 402 558 465 conqueri
582 401 770 447 audeant
801 401 835 445 si
870 399 979 463 quid
1010 397 1267 457 hujusmodi
1291 397 1357 442 vel
1389 415 1411 442 a
1440 397 1727 442 Primianistis

349 483 534 536 propter
552 488 677 516 suum
697 470 884 516 schisma
900 507 910 525 ,
931 469 999 514 vel
1019 485 1121 513 cum
1140 466 1425 512 Primianistis
1440 478 1622 530 propter
1643 468 1732 512 Do-

352 543 612 588 natistarum
628 577 638 596 ‚
661 557 750 585 non
772 556 854 602 pro
872 538 1078 598 religione
1095 553 1215 582 sacra
1231 574 1241 592 ‚
1269 536 1342 582 sed
1361 553 1442 599 pro
1463 537 1730 582 animositate

352 611 556 670 sacrilega
579 610 825 673 patiuntur.

417 681 560 728 XVII.
603 680 810 725 Fortassis
835 679 951 724 enim
975 678 1130 723 dicunt
1148 715 1159 731 ‚
1187 675 1385 736 graviora
1405 692 1447 720 se
1469 692 1692 739 perpessos
1708 694 1732 721 a

354 750 583 797 catholicis
611 748 976 812 imperatoribus,
1016 765 1147 810 quam
1186 747 1256 792 isti
1281 745 1474 791 fecerunt
1506 763 1585 808 per
1618 762 1734 805 reges

351 821 644 866 barbarorum
691 818 927 878 Rogatistis
943 855 954 873 ‚
992 817 1060 863 vel
1098 833 1177 879 per
1206 816 1377 875 judices
1417 815 1736 861 catholicorum

350 892 664 953 imperatorum
687 888 1017 935 Maximianistis
1035 924 1046 943 ‚
1074 886 1141 932 vel
1164 886 1294 931 etiam
1322 884 1491 930 faciunt
1514 902 1592 947 per
1609 884 1736 930 furo-

350 978 442 1007 rem
459 958 873 1005 Circumcellionum
888 958 1242 1020 quibuscumque
1257 966 1456 1018 possunt.
1481 955 1618 1011 Quasi
1635 971 1737 1000 vero

351 1025 452 1077 inde
472 1030 654 1093 quaestio
673 1030 750 1085 sit,
776 1040 925 1074 utrum
943 1028 1138 1088 graviora
1156 1027 1382 1090 patiantur
1395 1042 1528 1089 quam
1548 1024 1730 1071 faciunt.

363 1101 495 1157 Quod
523 1099 699 1162 quidem
724 1099 846 1144 nullo
871 1098 1003 1143 modo
1030 1097 1330 1143 concesserim.
1362 1095 1504 1140 Multa
1525 1095 1638 1140 enim
1662 1111 1740 1139 eo-

358 1188 458 1217 rum
482 1169 713 1215 saevissima
736 1179 1022 1214 numerantur
1038 1205 1049 1222 ,
1078 1167 1166 1211 11110
1187 1165 1408 1211 numerari
1427 1181 1516 1209 non
1538 1174 1736 1226 possunt,

356 1256 456 1303 quae
476 1239 509 1284 si
535 1238 747 1301 pauciora
766 1248 903 1283 essent
933 1236 1001 1283 vel
1031 1253 1100 1281 eos
1122 1236 1168 1281 in
1194 1252 1302 1298 quos
1331 1234 1630 1279 admittuntur
1653 1234 1741 1278 1111-

356 1327 438 1355 11115
466 1309 698 1368 affligerent
715 1345 726 1364 ,
762 1325 811 1353 eo
841 1308 937 1370 ipso
958 1317 1094 1352 essent
1113 1316 1227 1351 certe
1254 1305 1450 1365 graviora
1466 1341 1478 1360 ,
1505 1303 1624 1367 quod
1653 1321 1741 1349 non

361 1381 417 1426 ab
455 1378 661 1425 ordinatis
690 1379 979 1441 potestatibus
1002 1377 1245 1437 jubentur,
1286 1375 1360 1421 sed
1395 1374 1742 1421 extraordinariis

360 1449 582 1495 furoribus
624 1448 930 1495 admittuntur.
975 1448 1072 1492 Non
1101 1447 1216 1492 enim
1240 1457 1331 1491 tam
1357 1445 1495 1490 multa
1520 1455 1621 1490 sunt
1643 1462 1744 1507 quae

359 1520 559 1566 adversus
578 1519 918 1564 Maximianistas
935 1535 1012 1581 per
1030 1517 1201 1577 judices
1231 1517 1439 1561 humanae
1464 1515 1744 1561 constitutio-

362 1591 427 1634 nis
458 1598 638 1648 egerunt
668 1588 741 1649 (in
770 1606 819 1633 eo
848 1605 1000 1648 genere
1031 1588 1255 1632 actionum
1280 1596 1477 1648 ponant,
1506 1585 1540 1630 si
1557 1585 1741 1640 volunt,

363 1675 550 1723 quaeque
578 1658 706 1702 etiam
734 1657 788 1703 ad
813 1657 1162 1721 persequendum
1193 1657 1415 1715 Rogatum
1449 1657 1651 1701 Maurum
1689 1654 1744 1699 ab

365 1730 423 1774 eis
449 1746 527 1791 per
551 1728 746 1773 Firmum
778 1729 1021 1773 barbarum
1050 1738 1163 1787 gesta
1197 1737 1320 1782 sunt,
1352 1726 1429 1770 etsi
1460 1725 1614 1781 11111111,
1645 1724 1746 1769 licet

368 1798 537 1843 hostem
562 1797 925 1842 immanissimum
950 1799 1248 1842 Romanorum
1263 1833 1274 1852 ‚
1311 1796 1356 1840 in
1372 1795 1573 1855 legitimis
1591 1810 1746 1839 nume-

364 1867 482 1929 rent)
502 1904 513 1923 ,
535 1866 608 1911 sed
628 1867 726 1912 haec
743 1884 830 1912 non
848 1877 935 1912 tam
958 1867 1095 1911 muita
1124 1877 1224 1911 sunt
1242 1903 1252 1921 ‚
1281 1882 1414 1928 quam
1433 1864 1570 1910 multa
1596 1864 1746 1926 quoti—

364 1937 433 1982 die
458 1947 592 1996 agunt
613 1953 692 1998 per
716 1935 899 1982 furiosos
921 1937 1195 1982 ebriosorum
1215 1940 1429 1995 juvenum
1450 1941 1594 1994 greges
1614 1970 1625 1990 ‚
1645 1934 1748 1997 qui-

360 2006 445 2052 bus
487 2006 707 2069 principes
744 2007 1044 2061 constituunt,
1088 2006 1164 2069 qui
1203 2005 1395 2068 primum
1445 2003 1748 2049 tantummodo

359 2075 572 2131 fustibus,
612 2092 730 2121 nunc
771 2077 900 2121 etiam
937 2076 1049 2122 ferro
1084 2093 1126 2121 se
1163 2093 1329 2121 armare
1368 2085 1628 2138 coeperunt,
1673 2074 1751 2137 qui

366 2145 782 2192 Circumcellionum
816 2148 1040 2192 notissimo
1070 2147 1246 2192 nomine
1279 2164 1359 2209 per
1383 2157 1520 2192 totam
1555 2145 1748 2191 Africam

373 2227 585 2277 vagantur
604 2254 615 2273 ,
642 2227 684 2262 et
713 2235 825 2263 saeva
847 2229 999 2263 contra
1017 2235 1188 2263 omnem
1213 2218 1410 2263 ordinem
1435 2217 1578 2276 legum
1603 2226 1752 2278 potes—

369 2298 597 2349 tatumque
626 2290 908 2334 committunt
931 2307 942 2335 :
968 2306 1152 2352 quorum
1174 2288 1331 2333 scelera
1350 2304 1451 2333 cum
1477 2286 1531 2332 ad
1549 2303 1618 2331 eos
1637 2285 1752 2331 defe-

368 2368 544 2411 runtur,
586 2358 758 2416 fingunt
793 2376 834 2403 se
870 2360 1065 2418 ignorare
1100 2358 1183 2403 tale
1220 2358 1451 2402 hominum
1489 2372 1647 2416 genus,
1685 2354 1752 2400 vel

366 2427 546 2472 omnino
580 2427 632 2472 ad
655 2445 696 2472 se
725 2445 813 2473 non
850 2430 1064 2492 pertinere
1102 2440 1255 2474 contra
1287 2444 1433 2472 omnes
1461 2426 1658 2471 homines
1680 2442 1752 2469 ore

359 2496 740 2558 impudentissimo
766 2499 981 2545 affirmant
1005 2518 1015 2543 ε
1046 2516 1181 2563 neque
1202 2498 1320 2543 hanc
1344 2497 1492 2542 saltem
1519 2506 1750 2542 100011110-

332 2566 438 2612 'tius
460 2566 578 2612 orbis
606 2567 839 2630 accipiunt
855 2607 867 2628 ,
890 2569 1031 2616 inulto
1050 2567 1328 2633 probabilius
1347 2567 1577 2630 veriusque
1596 2564 1750 2611 (licen-
