1894 3154
313 261 368 292 DE
405 257 625 291 BAPrisMo
662 257 836 291 CONTRA
871 258 1166 303 noNAnsrAs,
1205 261 1293 294 Lm.
1335 263 1376 295 v.
1462 247 1549 294 361

183 337 265 380 ret,
288 344 377 373 non
393 325 579 371 venienti
612 324 666 371 ad
700 324 966 388 baptismum
990 341 1117 370 suum
1143 325 1305 372 diceret
1330 345 1340 372 ε
1374 347 1395 369 c<
1421 328 1514 388 Ego
1540 346 1564 374 a

183 417 204 438 >³
230 408 269 443 te
287 393 710 458 debeobaptizaril.»
723 394 842 451 Quid
860 411 959 454 ergo
979 405 1041 440 est
1053 395 1172 458 quod
1191 396 1247 440 ait
1274 414 1284 441 ε
1307 418 1327 438 c<
1347 398 1565 454 Quoniam

184 488 205 510 ³>
228 468 318 514 vidi
335 467 548 530 Spiritum
570 465 689 511 velut
713 464 964 511 columbam
991 465 1321 512 descendentem
1341 467 1393 512 de
1417 468 1530 513 coelo
1551 505 1562 524 ‚

182 557 204 579 »
226 548 268 582 et
287 537 444 582 mansit
475 553 603 600 super
626 553 738 583 eum.
770 537 826 581 Et
850 553 927 596 ego
958 537 1205 582 nesciebam
1235 554 1333 583 eum
1356 555 1367 583 ς
1395 537 1469 583 sed
1489 539 1566 601 qui

183 628 204 649 ³)
222 623 289 653 me
303 607 418 653 misit
435 606 657 670 baptizare
680 606 724 651 in
741 623 869 669 aqua,
886 606 978 670 ipse
991 607 1101 652 mihi
1120 607 1250 652 dixit:
1276 607 1416 672 Super
1435 624 1565 671 quem

183 698 204 719 »
228 676 385 722 videris
405 677 618 740 Spiritum
643 676 970 723 descendentem
1001 677 1053 722 de
1082 678 1196 723 coelo
1218 715 1230 735 ‚
1260 689 1301 723 et
1319 688 1564 723 manentem

183 768 203 790 >³
221 765 350 811 super
393 764 489 793 eum
510 785 520 804 ,
560 748 651 811 ipse
681 758 742 793 est
765 748 840 811 qui
866 748 1061 811 baptizat
1086 748 1130 793 in
1153 749 1323 812 Spiritu
1357 759 1520 795 sancto.
1544 769 1566 790 »

184 819 402 865 Columba
435 820 586 883 utique
610 837 737 883 super
772 819 1046 883 baptizatum
1069 819 1361 867 descenderat.
1404 819 1566 866 Adhuc

185 900 330 935 autem
351 890 540 936 venienti
554 901 603 935 ut
626 890 925 953 baptizaretur
944 889 1108 935 dixerat
1130 907 1140 934 ε
1172 911 1192 931 «
1210 891 1301 949 Ego
1318 908 1340 935 a
1364 900 1404 935 te
1423 889 1562 935 debeo

182 979 203 999 ›)
225 959 452 1023 baptizari.
498 981 518 1001 >³
545 960 642 1005 Jam
667 977 766 1018 ergo
794 960 956 1005 sciebat
991 977 1102 1004 eum.
1147 960 1266 1015 Quid
1299 959 1383 1005 sibi
1416 960 1564 1022 itaque

187 1029 282 1075 vult
305 1047 315 1074 :
343 1051 362 1071 «
383 1032 474 1089 Ego
498 1029 744 1075 nesciebam
766 1045 882 1085 eum,
914 1028 987 1074 scd
1011 1029 1087 1091 qui
1117 1046 1183 1074 me
1202 1029 1319 1074 misit
1342 1029 1565 1092 baptizare

181 1098 267 1143 »in
293 1116 423 1163 aqua,
451 1100 543 1162 ipse
568 1099 677 1144 mihi
704 1098 838 1143 dixit:
866 1102 1006 1162 Super
1023 1116 1154 1162 quem
1174 1098 1330 1145 videris
1351 1099 1566 1162 Spiritum

186 1188 207 1209 »
228 1169 557 1214 descendentem
581 1169 634 1214 de
662 1169 802 1226 coelo,
824 1180 865 1214 et
897 1179 1144 1215 manentem
1168 1186 1297 1233 super
1319 1186 1419 1215 eum
1439 1205 1450 1225 ,
1477 1169 1569 1232 ipse

181 1259 202 1280 >2
226 1249 287 1283 est
313 1239 391 1302 qui
408 1239 607 1302 baptizat
636 1238 682 1284 in
707 1239 876 1301 Spiritu
917 1250 1093 1285 sancto:
1122 1260 1142 1281 »
1167 1256 1267 1285 cum
1290 1239 1375 1284 hoc
1397 1249 1565 1302 postea-

181 1326 314 1372 quam
337 1309 586 1372 baptizatus
609 1319 686 1365 est,
708 1308 873 1354 factum
901 1310 973 1365 sit,
1000 1310 1082 1355 nisi
1103 1309 1206 1373 quia
1225 1309 1464 1355 secundum
1486 1307 1565 1353 ali-

180 1379 289 1443 quid
313 1397 412 1425 eum
438 1380 618 1436 sciebat,
654 1379 893 1425 secundum
933 1380 1099 1443 aliquid
1126 1380 1275 1425 adhuc
1305 1380 1564 1425 nesciebat?

181 1449 357 1495 Sciebat
374 1449 578 1495 videlicet
603 1467 808 1512 sponsum
834 1450 992 1495 Filium
1027 1451 1120 1506 Dei,
1148 1449 1201 1495 de
1219 1454 1344 1510 cujus
1366 1449 1564 1513 plenitu-

180 1519 280 1565 dine
315 1537 462 1566 omnes
508 1519 755 1582 acciperent
795 1537 805 1564 ε
842 1519 912 1565 sed
938 1519 1041 1582 quia
1077 1537 1124 1565 ex
1161 1523 1252 1580 ejus
1291 1519 1565 1583 plenitudine

180 1588 272 1652 ipse
297 1588 356 1635 sic
375 1599 601 1652 acceperat
622 1589 878 1652 baptizandi
897 1600 1171 1652 potestatem,
1192 1600 1241 1635 ut
1259 1590 1282 1634 J
1289 1591 1439 1635 oannis
1458 1590 1568 1652 bap-

180 1661 331 1707 tismus
353 1660 568 1707 diceretur
585 1697 596 1718 ‚
617 1661 836 1707 nesciebat
857 1672 1005 1706 utrum
1023 1661 1084 1707 sic
1101 1671 1206 1706 esset
1221 1661 1401 1706 daturus
1424 1671 1465 1706 et
1479 1677 1569 1706 cae-

180 1731 298 1788 teris,
322 1749 376 1777 an
399 1748 500 1778 vero
520 1731 749 1795 proprium
776 1732 1047 1795 baptismum
1065 1731 1125 1776 sic
1148 1730 1401 1787 habiturus,
1425 1740 1475 1776 ut
1487 1747 1565 1793 per

182 1801 422 1864 quemlibet
445 1801 621 1847 daretur
642 1838 653 1857 ,
681 1801 767 1847 sive
786 1800 1096 1846 excellentioris
1112 1800 1264 1860 gratiae
1287 1800 1534 1846 ministrum
1556 1836 1568 1856 ,

180 1871 268 1917 sive
284 1871 515 1927 inferioris,
540 1872 626 1918 sive
649 1888 728 1934 per
739 1871 908 1917 centeni
923 1870 1571 1927 fructushominem‚sivesexa-

181 1941 295 2001 geni,
340 1942 426 1988 sive
469 1941 649 1998 triceni,
690 1942 776 1988 sive
793 1959 871 2005 per
887 1941 1171 1997 frumentum,
1190 1941 1276 1986 sive
1288 1958 1366 2004 per
1382 1940 1568 2004 paleam,

182 2027 271 2056 non
300 2012 381 2058 nisi
402 2012 517 2058 illius
540 2013 667 2058 unius
689 2029 774 2058 esse
793 2022 1152 2073 cognosceretur:
1181 2021 1223 2057 et
1248 2011 1342 2057 boc
1362 2029 1441 2075 per
1466 2011 1572 2074 Spi-

181 2081 314 2128 ritum
335 2082 518 2140 didicit,
541 2082 661 2130 velut
684 2082 938 2129 columbam
968 2081 1300 2128 descendentem
1327 2091 1374 2126 et
1394 2097 1579 2127 manen-

186 2164 271 2200 tem
292 2172 422 2218 super
445 2172 558 2202 eum.

251 2227 370 2274 XVI.
405 2228 558 2290 Itaque
581 2226 824 2273 invenimus
849 2226 1019 2273 dictum
1051 2227 1106 2273 ab
1128 2227 1370 2290 Apostolis‚
1399 2238 1440 2273 et
1469 2227 1566 2288 glo-

184 2298 293 2343 riam
329 2314 497 2353 meam,
526 2297 723 2360 quamvis
759 2297 911 2361 utique
944 2297 989 2342 in
1020 2297 1207 2342 Domino
1231 2298 1276 2352 23
1299 2308 1342 2343 et
1364 2298 1563 2344 ministe-

186 2370 302 2416 rium
331 2387 475 2416 meum
492 2407 502 2426 ‚
542 2381 584 2416 et
620 2370 901 2434 prudentiam
940 2386 1080 2415 meam
1109 2369 1126 2397 ³
1149 2406 1161 2426 ,
1205 2380 1246 2415 et
1286 2370 1571 2431 Evangelium

187 2457 334 2487 meum
355 2440 393 2497 4,
413 2441 613 2505 quamvis
634 2442 818 2505 utiquea
837 2440 1026 2487 Domino
1046 2440 1319 2504 impertitum
1342 2451 1473 2505 atque
1490 2440 1575 2487 do-

235 2535 246 2558 ¹
279 2534 398 2570 Malth.
428 2547 492 2578 111,
522 2544 573 2575 14.
601 2555 646 2561 —
674 2536 690 2560 ²
722 2549 739 2570 2
772 2537 884 2572 Thess,
913 2548 965 2576 11,
997 2547 1050 2570 20.
1087 2552 1132 2560 ·-
1158 2534 1172 2559 ³
1207 2539 1302 2570 Rom.
1342 2547 1400 2577 xx,
1442 2538 1559 2569 13.—

189 2586 204 2612 4
220 2588 337 2632 Ephes.
352 2600 395 2628 xv,
413 2591 444 2624 3.
