1894 3154
306 290 399 337 290
733 291 768 322 5.
812 290 1053 321 Aucus'iiui
1091 291 1291 321 Episcori

296 353 560 418 perfectione
582 354 787 401 discussae
809 366 922 400 sunt.
959 356 1147 401 Noverat
1168 355 1279 400 enim
1308 366 1514 419 quantam
1537 373 1676 401 sacra-

295 424 429 470 menti
450 424 793 488 profunditatem
823 435 927 470 tunc
956 425 1095 470 omnis
1118 424 1307 470 Ecclesia
1331 425 1449 470 varia
1479 425 1677 488 disputa-

297 491 413 558 tione
438 496 659 551 versabat,
679 494 954 557 liberumque
977 494 1165 540 faciebat
1184 495 1407 558 quaerendi
1428 495 1672 550 arbitrium,

297 575 346 610 ut
367 565 606 610 examinata
631 565 787 610 veritas
812 564 1089 626 panderetur.
1122 566 1269 626 Neque
1297 565 1408 608 enim
1435 565 1676 609 mentieba-

299 637 388 699 tur,
411 644 453 678 et
479 633 765 697 simpliciores
791 632 974 692 collegas
1004 633 1048 678 in
1067 633 1202 678 verbo
1242 650 1396 696 capere
1435 632 1672 693 cogitabat,

297 715 346 749 ut
384 719 484 749 cum
513 721 555 749 se
580 703 799 749 diversum
841 703 996 749 sentire
1038 702 1355 767 prodidissent,
1387 713 1489 748 tunc
1527 714 1678 749 contra

294 781 425 837 quam
451 773 724 837 promiserat,
748 772 1186 819 excommunicandos
1217 790 1301 818 esse
1321 783 1524 819 censeret.
1554 773 1678 818 Absit

294 844 350 889 a'b
372 844 515 890 anima
538 854 628 889 tam
649 855 798 889 saneta
821 844 899 889 ista
925 843 1128 889 scelerata
1157 842 1341 906 perfidia
1364 860 1373 887 ε
1402 843 1478 905 qui
1504 843 1590 888 hoc
1623 842 1676 887 de

301 912 372 959 tali
399 914 492 959 viro
514 914 637 976 quasi
662 930 760 959 cum
783 917 873 973 ejus
890 912 1020 958 laude
1039 913 1247 968 sentiunt,
1278 911 1389 957 nihil
1407 912 1524 957 aliud
1543 929 1672 977 quam

294 983 465 1046 seipsos
489 983 596 1028 tales
615 1001 701 1029 esse
720 986 981 1048 profitentur
999 981 1032 1029 '¹.
1064 984 1153 1043 Ego
1187 982 1458 1045 C-x'prianum
1483 981 1675 1027 catholi-

293 1069 394 1099 cum
419 1053 695 1116 episcopum,
719 1053 986 1099 catholicum
1015 1063 1265 1115 martirem,
1294 1062 1334 1096 et
1361 1061 1523 1115 quanto
1544 1052 1676 1110 magis

293 1139 473 1182 magnus
495 1133 604 1177 erat,
632 1133 748 1169 tanto
765 1140 806 1167 se
830 1123 875 1168 in
896 1122 1098 1167 omnibus
1119 1122 1442 1172 humiliantem,
1464 1131 1510 1165 ut
1528 1138 1674 1165 coram

296 1192 388 1237 Deo
416 1192 628 1237 inveniret
668 1192 849 1252 gratiam
875 1191 994 1237 nullo
1017 1208 1193 1254 prorsus
1229 1191 1358 1237 modo
1389 1190 1670 1247 crediderim,

291 1261 335 1307 in
353 1272 507 1307 sancto
522 1262 762 1325 praesertim
783 1262 969 1307 concilio
994 1262 1277 1321 collegarum,
1303 1261 1419 1307 aliud
1437 1278 1508 1306 ore
1524 1272 1674 1324 protu-

292 1327 386 1377 lisse
403 1348 535 1395 quam
554 1331 684 1377 corde
701 1332 908 1392 gestabat,
931 1332 1170 1395 pra-“sertim
1191 1349 1290 1378 cum
1313 1331 1448 1377 addat
1465 1342 1507 1377 et
1520 1333 1641 1377 dicat
1658 1349 1668 1376 ε

290 1422 310 1442 ι(
335 1399 419 1446 Sed
447 1411 719 1464 expectemus
747 1401 934 1446 universi
966 1401 1186 1461 judicium
1216 1402 1391 1446 Domini
1410 1402 1543 1447 nosui
1569 1402 1670 1447 Jesu

291 1470 476 1527 Christi,
501 1471 577 1534 qui
598 1487 709 1516 unus
742 1483 783 1517 et
811 1471 923 1516 solus
945 1472 1079 1517 habet
1111 1482 1385 1535 potestatem,
1424 1483 1466 1516 et
1489 1489 1671 1535 praepo-

292 1541 426 1586 nendi
455 1559 531 1587 uos
547 1541 589 1586 in
608 1542 813 1588 Ecclesiae
829 1559 918 1587 suae
937 1542 1267 1603 gubernatione,
1291 1553 1332 1587 et
1356 1542 1408 1588 de
1434 1553 1534 1588 actu
1567 1560 1671 1588 nos-

290 1609 624 1670 t1·ojudicandi.
652 1632 672 1652 »
697 1611 790 1656 Sub
805 1612 914 1657 tanti
939 1629 1038 1672 ergo
1064 1611 1666 1670 commemorationejudicii,

288 1697 440 1726 verum
469 1691 700 1744 expectans
726 1681 876 1727 audire
915 1700 937 1727 a
963 1682 1154 1742 collegis,
1179 1682 1300 1746 prior
1338 1680 1396 1726 eis
1436 1681 1670 1726 mentiendi

286 1751 504 1814 praeberet
532 1752 803 1815 exemplum?
847 1752 1059 1798 Averterit
1089 1754 1202 1798 Deus
1220 1752 1335 1798 hauc
1362 1751 1620 1797 dementiam
1647 1770 1670 1796 a

289 1821 487 1884 quolibet
508 1822 777 1875 Christiano,
805 1834 968 1886 quanto
984 1823 1117 1883 magis
1135 1841 1156 1868 a
1181 1822 1420 1886 Cypriano.
1446 1821 1670 1868 Habemus

290 1908 389 1951 ergo
415 1891 640 1954 quaerendi
659 1892 845 1938 liberum
868 1894 1121 1949 arbitrium,
1147 1894 1280 1956 ipsius
1306 1892 1519 1956 Cypriani
1544 1892 1669 1938 uobis

286 1974 512 2007 mitissimo
529 1972 572 2007 et
586 1979 856 2008 veracissnno
880 1980 1073 2008 sermone
1096 1979 1360 2008 concessum.

355 2032 430 2078 Vi.
457 2032 553 2077 Jam
580 2032 756 2095 quidem
779 2033 1001 2096 incipiunt
1022 2037 1114 2093 ejus
1141 2033 1319 2093 collegae
1339 2032 1537 2096 proprias
1561 2048 1669 2095 pro-

288 2101 397 2147 ferre
413 2103 641 2147 sententias
659 2120 672 2147 2
699 2103 770 2149 sed
800 2103 853 2149 ad
877 2104 1144 2149 Juba'ianum
1172 2103 1294 2148 datas
1313 2103 1494 2148 littteras
1515 2101 1668 2147 audie-

290 2183 407 2219 ruut.
438 2173 649 2219 Recitatae
669 2184 769 2219 sunt
797 2175 929 2229 enim,
952 2174 1061 2218 sicut
1085 2175 1129 2218 in
1148 2173 1321 2219 exordio
1348 2188 1668 2218 commemora-

293 2254 385 2289 tum
412 2253 486 2290 est.
523 2244 576 2289 lit
599 2245 726 2289 nobis
749 2262 848 2305 ergo
884 2246 1146 2301 recitentur,
1188 2256 1236 2290 ut
1271 2262 1348 2290 nos
1369 2259 1544 2308 quoque
1568 2241 1668 2287 inde

293 2314 399 2378 quid
424 2315 577 2360 sentire
601 2326 817 2379 oporteat,
840 2328 1050 2379 quantum
1085 2316 1297 2361 Dominus
1317 2315 1511 2374 adijat,
1538 2313 1668 2358 inda-

294 2402 454 2447 gemus,
500 2386 615 2431 Dicit
648 2387 823 2432 forsitan
853 2388 1067 2452 quispiam
1107 2405 1117 2431 :
1147 2386 1267 2442 Quid
1299 2401 1419 2443 ergo,
1452 2395 1498 2429 tu
1537 2382 1666 2428 modo

293 2457 401 2502 dicis
425 2455 529 2518 quid
563 2456 615 2500 ad
642 2457 909 2503 Julm'ianum
938 2457 1155 2521 scripserit
1179 2456 1452 2519 Cyprianus>
1470 2457 1562 2498 Jam
1586 2452 1666 2513 legi

293 2528 453 2579 fateor;
479 2536 520 2571 et
538 2526 733 2589 profecto
752 2528 873 2573 issem
906 2528 950 2575 in
969 2527 1162 2578 camdem
1201 2526 1471 2579 sententiam,
1498 2523 1577 2568 nisi
1600 2540 1665 2567 me

342 2610 604 2646 ¹Eeete.111‚-2u.
632 2627 660 2632 --
683 2608 696 2629 '2
717 2612 807 2640 l-‘otcc
828 2611 932 2643 discis.
