1894 3154
308 261 369 317 54
730 277 765 307 s,
808 275 1054 308 Auens'rml
1089 276 1293 307 131>1scoP1

302 353 401 388 tura
430 351 547 398 sunt,
569 341 642 387 sed
667 341 721 387 ad
735 343 957 405 praeterita
976 341 1206 405 pertinere.
1234 339 1368 398 Quod
1383 340 1484 387 licet
1503 341 1687 405 experiri

299 416 346 460 in
373 412 431 458 eis
458 412 585 457 dictis
603 412 671 459 vel
689 413 886 469 canticis,
916 429 1104 476 quorum
1129 412 1279 457 seriem
1314 413 1563 458 memoriter
1584 411 1688 457 red-

305 483 462 528 dimus.
491 482 586 528 Nisi
610 483 725 528 enim
746 482 1085 546 praevideremus
1116 482 1378 542 cogitatione
1401 482 1522 545 quod
1541 482 1689 546 sequi-

300 563 391 609 tur,
414 569 503 597 non
527 553 677 616 utique
709 553 971 599 diceremus.
1016 554 1072 597 Et
1096 563 1243 598 tamen
1279 563 1327 597 ut
1346 551 1685 616 praevideamus,

301 640 389 668 non
419 621 694 685 providentia
716 640 793 669 nos
815 624 1008 679 instruit,
1044 623 1119 668 sed
1142 623 1362 670 memoria.
1400 623 1512 668 Nam
1551 621 1690 667 donec

298 693 477 737 finiatur
493 709 621 737 omne
636 692 758 755 quod
781 693 986 749 dicimus,
1011 692 1097 738 sive
1115 693 1330 749 canimus,
1353 692 1468 738 nihil
1489 702 1552 737 est
1566 691 1689 754 quod

303 778 391 806 non
417 761 640 823 provisum
657 772 1029 825 prospectumque
1051 762 1317 824 proferatur.
1342 763 1399 807 Et
1423 773 1566 807 tamen
1589 778 1691 806 011111

305 830 352 876 id
377 831 562 890 agimus,
590 849 680 887 11011
702 831 892 877 dicimur
913 831 1213 894 providenter,
1254 832 1328 877 sed
1350 832 1595 877 memoriter
1611 848 1692 877 ca·-

299 917 401 945 nere
428 900 496 945 vel
515 900 686 955 dicere;
721 911 763 946 et
797 902 874 964 qui
892 901 979 947 hoc
1001 901 1047 946 in
1072 901 1220 947 multis
1242 902 1301 948 ita
1323 901 1594 965 proferendis
1618 917 1691 947 va-

302 970 391 1015 lent
406 970 665 1033 plurimum,
686 988 775 1016 non
791 971 897 1016 solet
913 988 1063 1017 eorum
1082 972 1377 1035 providentia,
1394 971 1468 1017 sed
1485 971 1691 1016 memoria

304 1040 553 1103 praedicari.
585 1042 698 1087 Fieri
722 1042 803 1087 ista
824 1042 872 1087 in
894 1043 1040 1088 animo
1067 1043 1135 1089 vel
1159 1043 1214 1088 ab
1233 1043 1377 1088 animo
1395 1053 1542 1087 nostro
1559 1042 1691 1087 novi-

306 1127 420 1167 mus,
448 1122 490 1156 et
515 1112 742 1157 certissimi
764 1129 910 1158 sumus
932 1131 942 1157 t
962 1112 1183 1176 quomodo
1206 1123 1350 1158 autem
1375 1113 1501 1168 fiant,
1524 1124 1690 1175 quanto

308 1181 513 1226 attentius
526 1181 790 1227 voluerimus
806 1182 1043 1239 advertere,
1065 1193 1186 1228 tanto
1200 1183 1333 1242 magis
1347 1192 1490 1227 noster
1501 1193 1542 1227 et
1555 1199 1691 1228 sermo

308 1251 574 1307 succumbit,
592 1263 634 1297 et
649 1252 744 1315 ipsa
767 1269 856 1297 non
870 1252 1080 1315 perdurat
1090 1253 1292 1309 intentio,
1316 1263 1366 1298 ut
1391 1251 1447 1297 ad
1471 1251 1692 1315 liquidum

312 1320 479 1383 aliquid
502 1332 649 1366 nostra
671 1312 972 1382 intelligentia]
996 1333 1037 1368 et
1063 1322 1097 1368 si
1121 1340 1210 1368 non
1232 1322 1381 1382 lingua
1398 1359 1409 1378 ,
1446 1322 1684 1387 perveniat.

313 1392 370 1436 Et
385 1401 590 1454 putamus
607 1408 685 1436 nos
703 1402 851 1437 utrum
871 1392 951 1438 Dei
966 1392 1241 1455 providentia
1252 1392 1400 1438 eadem
1423 1392 1478 1437 sit
1489 1409 1589 1455 quae
1606 1409 1692 1437 me-

311 1463 449 1507 moria
472 1472 514 1507 et
528 1462 829 1522 intelligentia,
856 1463 933 1526 qui
952 1480 1041 1509 non
1066 1463 1236 1523 singula
1255 1462 1489 1523 cogitando
1514 1463 1688 1526 aspicit,

314 1532 387 1577 sed
411 1549 521 1588 una,
557 1543 717 1578 aeterna
753 1544 794 1578 et
824 1533 1093 1579 immutabili
1128 1544 1257 1596 atque
1291 1532 1502 1579 ineffabili
1532 1533 1693 1578 visione

313 1603 622 1665 complectitur
644 1613 803 1648 cuncta
833 1619 934 1665 quae
952 1604 1091 1659 novit,
1113 1613 1231 1648 tanta
1266 1602 1420 1648 mentis
1439 1601 1693 1647 infirmitate

312 1689 437 1735 posse
457 1672 856 1736 comprehendere?
886 1673 939 1718 In
957 1672 1043 1718 hac
1059 1674 1199 1733 agitur
1214 1672 1467 1718 difficultate
1483 1682 1525 1716 et
1541 1688 1693 1731 angus-

312 1743 382 1787 tiis
409 1742 518 1788 libet
551 1743 789 1788 exclamare
825 1742 881 1789 ad
919 1744 1060 1788 Deum
1094 1743 1245 1789 vivum
1272 1760 1283 1787 :
1316 1763 1337 1784 «
1359 1741 1592 1787 Mirificata
1633 1752 1694 1787 est

315 1834 337 1854 ›>
361 1813 537 1858 scientia
562 1823 637 1857 tua
660 1830 708 1858 ex
732 1830 825 1868 me;
848 1812 1033 1859 invaluit
1058 1823 1099 1858 et
1117 1830 1206 1858 non
1226 1823 1381 1876 potero
1400 1811 1455 1857 ad
1473 1811 1594 1856 illam
1609 1811 1643 1858 1.
1671 1833 1692 1854 ›>

315 1884 379 1928 Ex
400 1900 468 1928 me
492 1883 658 1946 quippe
679 1882 871 1943 intelligo
901 1900 1034 1946 quam
1058 1884 1112 1929 sit
1133 1883 1346 1929 mirabilis
1383 1893 1425 1927 et
1446 1882 1693 1945 incompre-

314 1954 541 1999 hensibilis
565 1954 743 1999 scientia
772 1965 860 2010 tua,
889 1970 976 2017 qua
1009 1971 1077 2000 me
1103 1953 1271 2000 fecisti:
1308 1952 1488 2017 quando
1522 1969 1602 1998 nec
1624 1970 1693 1999 me

311 2024 458 2087 ipsum
492 2023 864 2087 comprehendere
904 2024 1026 2071 Valeo
1049 2040 1179 2088 quem
1199 2024 1339 2070 fecisti
1365 2041 1376 2069 ε
1400 2034 1441 2069 et
1467 2033 1610 2069 tamen
1647 2024 1694 2068 in

313 2094 596 2140 meditatione
655 2111 751 2139 mea
784 2094 1018 2141 exardescit
1049 2095 1177 2155 ignis,
1223 2105 1273 2140 ut
1298 2111 1496 2158 quaeram
1536 2093 1693 2139 faciem

313 2175 434 2210 tuam
450 2182 618 2228 semper
632 2165 665 2211 2.

375 2235 495 2281 XIV.
522 2237 849 2300 Incorporalem
881 2237 1170 2283 substantiam
1194 2237 1283 2282 scio
1307 2253 1395 2282 esse
1413 2235 1688 2298 sapientiam,

306 2317 347 2352 et
368 2306 517 2351 lumen
534 2322 619 2351 esse
639 2307 684 2352 in
703 2325 791 2371 quo
819 2307 1024 2354 videntur
1051 2324 1151 2371 quae
1170 2306 1306 2352 oculis
1326 2305 1577 2351 carnalibus
1602 2322 1692 2351 non

303 2376 534 2428 videntum
573 2386 615 2421 et
649 2387 794 2423 tamen
823 2378 891 2425 vir
922 2388 1069 2424 tantus
1094 2388 1303 2440 tanquam
1336 2375 1570 2439 spiritalis:
1595 2376 1693 2421 «vi-

302 2467 324 2488 »
346 2445 498 2491 demus
520 2462 657 2501 nunc,
684 2447 847 2510 inquit,
869 2465 950 2512 per
973 2447 1200 2511 speculum
1227 2446 1274 2491 in
1309 2447 1557 2506 aenigmate,
1583 2457 1690 2492 tunc

303 2537 324 2558 »
350 2527 491 2562 autem
524 2514 633 2561 facie
663 2516 716 2562 ad
750 2516 904 2563 faciem
924 2519 957 2565 5.
986 2539 1007 2560 »
1037 2516 1176 2575 Quale
1196 2516 1249 2562 sit
1276 2526 1317 2561 et
1357 2516 1476 2579 quod
1504 2516 1558 2561 sit
1603 2516 1690 2562 hoc

348 2600 457 2633 ¹Psal.
477 2611 635 2640 cxxxwu,
656 2602 691 2632 6.
711 2618 755 2624 —
774 2599 788 2623 2
809 2601 855 2634 Id.
875 2609 1059 2642 xxxv11x,4‚
1075 2608 1105 2635 et
1122 2612 1187 2641 etv,
1207 2607 1238 2638 4.
1258 2618 1301 2625 --
1320 2597 1335 2623 3
1355 2611 1368 2632 1
1388 2601 1465 2634 Cor.
1484 2611 1561 2639 xnt,
1588 2612 1639 2633 12.
