1894 3154
343 230 400 265 DE
436 227 658 272 BAPnsMo
694 228 868 265 comm
902 230 1201 274 nom‘nsrAs,
1240 232 1329 267 mn.
1370 237 1412 268 v.
1498 221 1592 287 359

215 298 379 354 tizavit‚
406 297 511 362 quia
540 301 704 343 Joanne
731 297 884 344 melior
910 308 1025 353 erat3
1054 315 1133 343 cur
1157 316 1246 345 non
1273 312 1314 346 et
1344 302 1593 365 Cyprianus

213 381 314 434 post
340 369 617 420 foeneratores
647 385 743 414 suos
776 367 959 428 collegas
993 368 1264 432 baptizavit,
1292 372 1454 433 quibus
1478 374 1594 420 ultra

214 439 581 504 comparationem
610 437 764 484 melior
785 441 904 484 erat?
928 439 974 484 Si
992 450 1224 502 propterea
1250 451 1351 502 post
1377 442 1480 488 tales
1495 443 1592 489 col-

182 510 186 514 ’
212 511 324 571 legas
344 510 592 573 Cyprianus
611 525 701 559 non
720 508 979 572 baptizavit,
1011 510 1114 572 quia
1134 509 1180 555 in
1204 510 1367 556 unitate
1391 528 1492 558 cum
1516 513 1592 559 illo

213 592 361 635 erant;
386 598 464 627 nec
481 591 581 645 post
597 581 623 630 J
628 597 811 628 oannem
832 579 985 626 debuit
1007 580 1188 638 Paulus,
1209 581 1312 645 quia
1328 581 1479 628 eadem
1497 583 1593 629 uni-

212 661 298 699 tate
323 651 645 701 continebatur.
681 652 747 699 An
764 650 876 701 forte
893 649 1165 697 fraudatores
1188 662 1230 697 et
1248 669 1425 716 rapaces
1446 652 1499 698 ad
1518 671 1591 700 co-

210 721 499 769 lumbaeillius
517 722 659 769 unicae
681 722 877 768 membra
897 722 1131 785 pertinent,
1156 733 1197 768 et
1213 722 1284 768 ille
1302 740 1391 769 non
1404 724 1591 787 pertinet

212 793 283 840 cui
304 804 489 857 potestas
517 794 611 857 ipsa
632 794 809 839 Domini
829 793 933 839 Jesu
954 793 1119 839 Christi
1137 811 1219 856 per
1244 794 1464 841 columbae
1488 813 1590 859 spe-

211 864 322 910 ciem
375 864 545 928 Spiritu
591 875 739 910 sancto
776 864 1062 910 descendente
1096 875 1335 912 monstrata
1366 868 1459 912 est?
1499 868 1594 912 lmo

211 950 312 980 vero
336 934 408 980 ille
438 935 590 980 intime
608 935 812 997 pertinet,
839 935 909 980 isti
931 951 1032 981 vero
1054 934 1121 981 vel
1150 934 1375 981 occasione
1406 936 1593 996 alicujus

211 1004 422 1061 scandali,
446 1005 515 1051 vel
542 1005 693 1050 ultima
717 1005 995 1051 ventilatione
1019 1023 1042 1050 a
1078 1005 1223 1051 tritico
1256 1006 1485 1068 separandi
1514 1023 1596 1051 nen

211 1091 433 1138 quaquam
458 1075 701 1138 pertinent:
732 1085 774 1120 et
797 1086 940 1120 tamen
958 1085 1056 1138 post
1075 1074 1201 1121 illum
1222 1076 1497 1139 baptizatum
1511 1089 1589 1133 est,

211 1156 311 1208 post
332 1145 435 1190 istos
462 1162 550 1191 non
564 1145 827 1208 baptizatur.
857 1145 969 1200 Quae
986 1145 1118 1204 igitur
1142 1162 1270 1192 causa
1289 1157 1370 1203 est,
1393 1146 1474 1192 nisi
1493 1147 1597 1209 quia

211 1215 433 1277 baptisma
449 1215 569 1277 quod
590 1215 686 1261 illos
705 1215 832 1275 jussit
854 1214 1018 1260 Paulus
1036 1215 1232 1278 accipere
1246 1253 1257 1270 ,
1279 1234 1368 1262 non
1383 1216 1470 1263 hoc
1483 1228 1592 1275 erat,

212 1284 332 1349 quod
358 1302 435 1349 per
453 1285 667 1331 Joannem
693 1285 913 1331 dabatur?
941 1287 997 1331 Et
1014 1285 1111 1331 ideo
1129 1286 1176 1331 in
1202 1286 1351 1332 eadem
1372 1287 1466 1350 ipsa
1491 1288 1594 1333 uni-

211 1365 299 1402 tate
319 1355 543 1413 Ecclesiae,
561 1356 809 1420 baptismus
823 1355 990 1402 Christi
1016 1355 1049 1400 si
1067 1355 1320 1418 baptizante
1336 1356 1594 1404 foeneratore

210 1426 437 1485 tradatur,
464 1428 603 1491 repeti
623 1445 714 1476 non
738 1438 882 1492 potest
906 1444 918 1472 z
944 1426 1215 1490 baptismum
1242 1438 1385 1474 autem
1415 1429 1596 1474 Joannis

212 1498 341 1544 etiam
366 1499 422 1544 ab
438 1498 534 1562 ipso
549 1499 575 1543 J
578 1515 716 1545 oanne
735 1498 1013 1563 accipienteS,
1032 1507 1181 1560 postea
1195 1497 1361 1544 Christi
1376 1499 1597 1562 baptismo

212 1569 430 1633 baptizari
449 1570 696 1633 oportebat.

277 1639 396 1690 XIV.
426 1640 618 1689 Proinde
641 1655 819 1703 possum
846 1650 888 1685 et
913 1657 989 1700 ego
1013 1640 1155 1686 verbis
1178 1649 1301 1684 utens
1325 1638 1461 1702 ipsius
1479 1639 1598 1687 beati

215 1710 428 1774 Cypriani
447 1710 502 1756 ad
525 1710 756 1770 qu'usdam
777 1711 979 1757 miraculi
1002 1710 1392 1756 considerationem
1414 1710 1593 1758 audien-

213 1781 324 1828 tium
344 1780 479 1827 corda
496 1792 762 1839 convertere,
785 1781 820 1827 si
842 1781 985 1827 dicam
1000 1799 1011 1826 ι
1028 1802 1048 1822 α
1062 1781 1140 1826 Ille
1159 1780 1184 1824 J
1189 1797 1348 1826 oannes
1371 1786 1512 1842 maJ'or
1534 1783 1598 1828 in-

212 1861 278 1896 ter
297 1851 542 1914 Prophetas
566 1851 778 1906 habitus;
808 1851 881 1897 ille
907 1852 1056 1898 divina
1082 1851 1219 1910 gratia
1244 1850 1391 1897 adhuc
1414 1851 1460 1897 in
1474 1862 1596 1898 utero

214 1921 366 1970 matris
390 1921 594 1985 impletus
614 1942 625 1976 3
646 1922 718 1969 ille
743 1922 851 1968 Eliae
871 1922 1028 1985 spiritu
1046 1932 1087 1967 et
1099 1922 1258 1968 virtute
1279 1921 1502 1979 subnixus,
1519 1923 1597 1986 qui

214 2009 304 2042 non
343 1992 611 2040 adversarius
644 1994 852 2051 Domini,
891 1993 965 2039 sed
988 2010 1236 2057 praecurso-r
1261 2010 1309 2039 ac
1333 1993 1600 2057 praedicator

213 2062 319 2117 fuit3
342 2063 421 2127 qui
440 2063 679 2111 Dominum
703 2082 790 2110 non
812 2075 982 2110 tantum
1006 2065 1149 2111 verbis
1171 2064 1501 2127 praenuntiavit,
1525 2064 1598 2110 sed

215 2145 257 2180 et
272 2135 408 2180 oculis
430 2135 618 2182 ostendit
638 2156 649 2190 3
672 2138 750 2199 qui
769 2137 914 2200 ipsum
939 2136 1166 2181 Christum
1191 2152 1270 2198 per
1290 2152 1419 2198 quem
1441 2135 1596 2199 bapti-

215 2218 371 2253 zantur
390 2207 555 2265 caeteri,
575 2207 816 2271 baptizavit
836 2228 847 2262 ;
867 2229 888 2250 »
913 2207 973 2253 sic
994 2207 1217 2270 baptizare
1241 2223 1329 2251 non
1352 2207 1526 2264 meruit,
1551 2219 1600 2255 ut

216 2288 317 2342 post
332 2294 432 2324 eum
453 2294 543 2323 non
562 2278 890 2342 baptizarentur
907 2278 982 2342 qui
1009 2277 1064 2323 ab
1090 2294 1138 2322 eo
1162 2276 1336 2322 fuerant
1358 2277 1594 2342 baptizati:

219 2359 262 2395 et
283 2358 382 2412 post
401 2365 569 2406 avaros,
588 2348 874 2405 fraudatores,
904 2363 1100 2411 rapaceS,
1126 2345 1410 2393 foeneratores
1428 2385 1439 2404 ,
1468 2366 1595 2395 nemo

219 2436 486 2484 quemquam
521 2419 568 2466 in
609 2419 803 2467 Ecclesia
842 2417 1158 2483 baptizandum
1195 2417 1406 2482 putabit?
1449 2419 1605 2466 Nonne

222 2507 326 2545 cum
351 2490 451 2540 haec
469 2490 680 2540 invidiose
707 2490 976 2547 clamavero,
1001 2488 1287 2555 respondetur
1313 2488 1452 2538 mihi:
1481 2490 1602 2549 Quid

270 2573 285 2598 ¹
304 2574 425 2609 Matth.
440 2586 486 2617 xx,
502 2586 536 2618 9.
