1894 3154
293 277 347 308 DE
382 275 604 306 BAPTISMO
641 273 814 307 CONTRA
850 270 1141 314 DoNArtsrAs‚
1185 274 1271 305 Lm.
1315 275 1373 305 vr.
1457 259 1550 322 393

190 343 264 406 qui
288 360 367 407 per
391 342 618 388 haereticos
635 341 786 394 datur3
815 356 1041 385 avarorum
1063 348 1105 385 et
1123 340 1444 386 homicidarum
1472 351 1550 396 est,

189 414 264 477 qui
282 414 397 459 intus
424 430 446 456 a
469 411 629 456 talibus
653 411 795 457 datur.
822 410 868 455 Si
889 421 1030 455 autem
1049 410 1134 455 hoc
1152 410 1331 455 istorum
1354 428 1443 455 non
1463 421 1553 466 est,

190 501 268 529 nec
290 482 399 528 illud
417 481 592 527 illorum
613 491 674 526 est
696 498 706 525 :
734 498 783 526 ac
801 497 880 544 per
895 480 982 526 hoc
1012 479 1131 544 apud
1153 497 1452 544 quoscumque
1477 481 1554 536 sit,

193 552 355 598 Christi
374 563 449 598 est.

256 623 371 670 XVI.
418 622 637 683 (Novatus
664 640 688 667 a
714 621 999 681 Thamugade
1022 621 1128 666 dixit
1150 638 1161 665 t
1190 641 1209 662 «
1231 621 1353 667 Licet
1375 621 1560 667 sciamus

193 710 363 738 omnem
390 692 663 755 Scripturam
685 693 975 738 testimonium
993 691 1170 737 reddere
1190 691 1242 736 de
1257 691 1432 737 salutari
1450 691 1561 754 bap-

197 764 342 817 tismo;
366 763 572 808 debemus
594 774 737 809 tamen
765 763 894 808 fidem
920 773 1109 808 nostram
1129 762 1378 825 exprimere.
1409 762 1564 807 Haere-

196 835 303 879 ticos
320 844 361 878 et
386 833 684 879 schismatisos
708 833 763 878 ad
795 832 1034 878 Ecclesiam
1056 832 1289 888 venientes,
1322 833 1397 895 qui
1429 848 1565 895 pseu-

194 903 464 965 dobaptizati
490 903 693 948 videntur
711 941 720 958 ‚
755 903 909 948 debere
934 920 1002 948 eos
1026 903 1070 947 in
1102 901 1219 947 fonte
1243 902 1421 965 perenni
1446 902 1565 964 bap-

195 974 349 1018 tizari:
379 984 420 1018 et
438 973 535 1018 ideo
554 974 794 1019 secundum
820 973 1111 1018 testimonium
1140 972 1466 1035 Scripturarum
1488 1007 1498 1025 ‚
1525 980 1568 1015 et

195 1043 434 1088 secundum
458 1043 678 1088 decretum
706 1043 972 1102 collegarum
1001 1053 1249 1087 nostrorum
1274 1040 1570 1086 sanctissimo-

196 1130 292 1158 rum
328 1113 546 1168 virorum‚
588 1130 733 1158 omnes
769 1113 1067 1158 schismaticos
1099 1123 1140 1157 et
1168 1112 1396 1158 haereticos
1414 1111 1490 1175 qui
1513 1109 1569 1155 ad

199 1183 436 1229 Ecclesiam
462 1183 654 1228 conversi
675 1193 774 1228 sunt
793 1183 1034 1246 baptizari‚·
1063 1181 1135 1227 sed
1154 1193 1194 1227 et
1213 1182 1481 1246 quicumque
1501 1197 1570 1225 or-

198 1252 337 1298 dinati
362 1254 647 1309 videbantur,
675 1254 786 1299 inter
804 1253 936 1299 la'icos
960 1253 1110 1316 recipi.
1137 1254 1181 1314 »)

264 1325 404 1371 XVII.
433 1325 628 1369 Novatus
655 1343 677 1369 a
700 1324 985 1384 Thamugade
1004 1323 1111 1386 quid
1130 1323 1306 1379 fecerit,
1328 1322 1462 1377 dixit,
1484 1339 1573 1367 non

201 1405 342 1440 autem
371 1394 535 1457 aliquid
568 1394 740 1450 attulit,
762 1394 877 1439 unde
895 1411 936 1439 se
957 1393 1198 1439 ostenderet
1219 1393 1357 1439 facere
1377 1392 1574 1437 debuisse

200 1466 320 1529 quod
336 1465 450 1512 fecit.
477 1466 728 1511 Nominavit
746 1466 858 1511 enim
877 1487 897 1506 «
915 1465 1228 1510 Testimonium
1244 1465 1573 1527 Scripturarum

200 1546 242 1581 et
260 1536 481 1581 decretum
508 1534 769 1595 collegarum
786 1573 797 1591 ‚
818 1557 837 1576 „
861 1535 934 1580 sed
958 1552 1047 1580 non
1074 1535 1175 1581 inde
1200 1534 1363 1598 aliquid
1389 1533 1574 1597 protulit

202 1605 321 1668 quod
346 1605 616 1650 considerare
644 1622 877 1668 possemus

266 1677 433 1723 XVIII.
480 1677 789 1739 (Nemesianus
827 1695 850 1722 a
887 1676 1086 1722 Tubunis
1115 1676 1221 1722 dixit
1251 1694 1262 1721 ε
1307 1697 1327 1716 α
1353 1675 1577 1739 Baptisma

203 1746 322 1810 quod
341 1746 448 1792 dant
467 1747 664 1793 haeretici
688 1758 729 1792 et
748 1748 1013 1793 schismatici
1033 1785 1043 1803 ‚
1066 1765 1153 1793 non
1177 1764 1262 1793 esse
1280 1764 1430 1792 verum
1444 1785 1454 1801 ‚
1480 1745 1578 1790 ubi-

204 1835 288 1882 que
310 1818 356 1863 in
388 1818 626 1881 Scripturis
652 1819 809 1864 sanctis
832 1818 1100 1865 declaratum
1130 1829 1191 1864 est
1215 1836 1226 1863 ε
1255 1817 1463 1881 quoniam
1495 1816 1579 1880 ipsi

204 1888 429 1952 praepositi
465 1905 611 1934 eorum
636 1889 731 1934 falsi
766 1889 931 1934 Christi
958 1901 1058 1935 sunt
1075 1926 1085 1944 ‚
1124 1900 1165 1934 et
1187 1888 1284 1934 falsi
1314 1888 1547 1951 prophetae
1564 1923 1574 1942 ,

206 1958 375 2003 dicente
390 1958 579 2003 Domino
599 1975 677 2022 per
694 1959 971 2004 Salomonem
996 1977 1006 2004 ε
1031 1960 1118 2015 Qui
1137 1958 1273 2004 fidens
1291 1958 1415 2003 estin
1436 1957 1551 2003 falsis
1565 1994 1575 2012 ‚

208 2028 280 2074 hic
304 2028 443 2091 pascit
470 2039 620 2074 ventos
636 2067 646 2084 ‚
671 2028 785 2074 idem
805 2040 947 2074 autem
972 2030 1063 2092 ipse
1091 2029 1285 2093 sequitur
1309 2045 1403 2073 aves
1429 2028 1579 2073 volan·

208 2098 312 2143 tes1.
346 2098 509 2143 Deserit
528 2099 643 2143 enim
663 2099 754 2144 vias
777 2099 916 2144 vineae
942 2117 1055 2155 suae,
1084 2117 1107 2144 a
1137 2099 1297 2144 semitis
1328 2115 1428 2144 vero
1458 2096 1581 2157 agelli

210 2170 275 2213 sui
298 2169 470 2214 erravit.
494 2169 742 2228 Ingreditur
763 2179 905 2215 autem
924 2187 1003 2233 per
1024 2169 1118 2215 avia
1137 2169 1234 2214 loca
1252 2179 1380 2232 atque
1405 2167 1524 2214 arida
1541 2178 1583 2213 et

210 2249 365 2284 terram
395 2238 652 2284 destinatam
678 2239 772 2295 siti,
808 2240 1086 2303 consequitur
1114 2249 1256 2284 autem
1286 2238 1488 2284 manibus
1511 2238 1584 2282 in-

209 2309 446 2355 fructuosa.
477 2310 530 2354 Et
554 2311 709 2355 iterum
733 2328 743 2355 :
777 2311 843 2356 Ab
865 2327 977 2373 aqua
1010 2310 1145 2355 aliena
1171 2309 1339 2355 abstine
1365 2319 1430 2364 te,
1459 2319 1501 2354 et
1530 2308 1583 2354 dc

209 2379 327 2425 fonte
349 2379 486 2424 alieno
505 2397 558 2425 ne
576 2380 739 2426 biberis
753 2418 763 2437 ,
783 2392 832 2426 ut
848 2381 1027 2440 longum
1045 2380 1164 2426 vivas
1186 2391 1355 2443 tempus
1375 2379 1586 2440 adjician-

216 2460 284 2495 tur
303 2449 431 2495 etiam
454 2450 536 2495 tibi
556 2452 658 2496 anni
678 2452 821 2498 vitae2.
847 2453 903 2496 Et
925 2452 971 2497 in
999 2451 1229 2511 Evangelio
1254 2468 1331 2497 sua
1352 2467 1456 2497 voce
1488 2452 1585 2495 Do-

214 2520 356 2566 minus
378 2531 520 2567 noster
555 2523 678 2568 Jesus
713 2522 911 2567 Christus
941 2522 1112 2570 locutus
1135 2533 1197 2568 est
1229 2521 1408 2569 dicens:
1447 2541 1467 2563 α
1496 2520 1588 2566 Nisi

207 2610 220 2613 “
266 2603 274 2626 ¹
291 2598 381 2636 Prov.
398 2615 445 2649 tx,
471 2605 602 2648 1‚juxta
623 2615 694 2637 Lxx.
715 2621 760 2630 --
777 2603 895 2639 21bid.
925 2617 976 2647 19·
