1894 3154
371 249 454 312 178
771 263 805 293 s.
850 259 1092 291 Ateusrim
1127 257 1332 288 Eriscort

361 329 552 374 habetur
569 364 580 383 ,
604 326 757 372 haberi
781 343 868 371 non
888 341 1011 388 posse
1037 322 1295 377 contendat,
1319 339 1460 367 nonne
1484 321 1655 383 utrique
1678 337 1738 365 re-

364 398 630 454 clamamus,
676 408 718 442 et
753 396 938 442 dicimus
971 394 1132 439 hahere
1157 393 1358 455 quidem,
1400 391 1469 437 sed
1505 408 1593 436 non
1626 401 1738 436 reete

365 468 526 514 habere
549 485 645 514 eum
672 467 746 530 qui
779 466 834 510 ab
868 464 1032 510 unitate
1056 463 1323 508 discesserit?
1359 463 1403 507 Si
1436 480 1534 522 ergo
1558 462 1735 516 volunt,

365 548 414 584 ut
436 539 583 584 audiat
602 538 673 583 ille
692 535 811 599 quod
835 535 1000 599 pariter
1021 533 1329 586 reclamamus,
1359 533 1439 595 ipsi
1463 550 1538 578 nos
1563 533 1741 578 audiant

362 608 667 663 reclamantes,
708 606 810 651 dare
843 604 1045 668 quidem,
1082 603 1153 648 sed
1181 620 1268 648 non
1285 613 1399 648 reete
1423 603 1523 648 clare
1543 619 1639 647 eum
1665 601 1741 666 qui

364 680 419 725 ab
445 678 610 724 unitate
630 676 838 722 discessit.
869 675 1154 737 Quapropter
1179 673 1290 717 sicut
1311 672 1508 718 redeunti
1533 689 1620 717 non
1639 671 1742 716 red-

365 749 488 795 ditur
506 748 625 812 quod
653 747 753 793 foris
776 746 974 791 habebat
992 782 1002 800 ‚
1035 745 1094 789 sic
1125 744 1315 789 venienti
1343 762 1427 789 non
1459 742 1740 806 repetendum

361 831 424 865 est
443 819 562 882 quod
583 818 709 863 etiam
731 816 833 862 soris
854 825 1092 878 acceperat.
1119 813 1244 859 Unde
1261 825 1570 877 consequenter
1589 813 1743 859 intelli-

360 889 476 950 gitur
500 888 822 952 perversitatem
855 886 1087 931 hominum
1119 902 1204 930 0550
1229 883 1528 944 corrigendam
1550 921 1560 939 ,
1588 884 1744 929 sancti·

363 969 495 1005 tatem
524 969 665 1004 autem
695 967 1064 1002 sacramentorum
1090 955 1135 999 in
1169 954 1288 999 nullo
1314 972 1515 1018 perverso
1539 971 1624 999 esse
1646 954 1742 999 vio-

364 1029 557 1075 landam.
601 1031 781 1073 Constat
826 1027 939 1071 enim
985 1042 1079 1070 eam
1115 1025 1159 1069 in
1200 1026 1409 1088 perversis
1452 1036 1493 1070 et
1532 1024 1744 1070 sceleratis

362 1099 638 1149 hominibus,
660 1098 746 1142 sive
765 1097 809 1141 in
833 1097 891 1141 eis
908 1096 984 1159 qui
1009 1096 1123 1140 intus
1143 1106 1242 1139 sunt
1262 1132 1271 1150 ‚
1301 1095 1388 1140 sive
1407 1097 1448 1140 in
1468 1096 1526 1139 eis
1547 1095 1619 1158 qui
1643 1094 1744 1139 foris

363 1179 462 1214 sunt
481 1206 491 1225 ‚
514 1167 790 1231 impollutam
811 1177 940 1228 atque
960 1165 1255 1211 inviolabilem
1279 1183 1529 1228 permanere
1551 1183 1560 1209 z
1585 1176 1626 1210 et
1644 1165 1746 1228 quia

361 1239 572 1285 dicuntur
588 1256 634 1284 ea
654 1237 756 1283 mali
775 1237 969 1300 polluere
986 1273 996 1292 ,
1019 1247 1230 1300 quantum
1250 1237 1294 1281 in
1314 1236 1418 1299 ipsis
1433 1247 1491 1281 est
1516 1236 1740 1290 (licuntur,

362 1327 462 1356 cum
489 1310 562 1355 illa
586 1309 818 1372 impolluta
839 1318 1151 1371 permaneantg
1177 1307 1311 1352 sedin
1337 1307 1465 1352 lionis
1493 1318 1745 1370 permanent

365 1380 418 1432 ad
437 1380 671 1444 praemiuni
691 1416 701 1434 ,
732 1378 777 1423 in
802 1378 924 1423 malis
945 1388 1203 1440 permanent
1225 1377 1276 1422 ad
1298 1377 1532 1436 judicium.
1565 1379 1675 1423 Nam
1704 1388 1742 1422 et

365 1449 418 1495 de
451 1449 619 1513 Spiritu
652 1448 729 1512 qui
762 1448 885 1493 nullo
910 1447 1041 1492 modo
1076 1457 1218 1510 potest
1243 1447 1431 1506 extingui
1451 1485 1460 1502 ,
1489 1447 1655 1492 dictum
1685 1458 1745 1491 est

362 1531 506 1566 tamen
529 1537 539 1564 ε
570 1540 588 1560 α
612 1519 824 1582 Spiritum
846 1518 979 1563 nolite
998 1517 1291 1578 extinguere'13
1316 1540 1334 1558 ›>
1356 1518 1400 1563 id
1421 1529 1483 1562 est
1501 1555 1510 1573 ‚
1533 1528 1744 1580 quantum

360 1591 405 1636 in
425 1590 551 1637 vobis
574 1600 637 1635 est
657 1627 667 1645 ‚
694 1590 828 1635 nolite
854 1591 913 1634 sie
935 1606 1056 1649 agere
1075 1626 1085 1645 ,
1118 1600 1329 1652 tanquam
1362 1589 1578 1634 conemini
1602 1589 1746 1652 Spiri-

366 1673 454 1707 tum
480 1661 750 1720 extinguere,
782 1670 854 1706 aut
874 1669 1079 1722 tanquam
1104 1659 1318 1723 Spiritum
1345 1659 1579 1705 extinctum
1603 1658 1746 1722 (lepu—

364 1732 460 1778 tetis
486 1749 497 1776 ι
525 1741 566 1777 et
583 1747 742 1776 nomen
767 1730 846 1775 Dei
870 1729 989 1774 nullo
1015 1729 1144 1774 modo
1165 1730 1305 1792 pollui
1329 1740 1500 1793 potest,
1530 1740 1570 1774 et
1603 1740 1744 1774 tamen

368 1803 536 1849 dictum
556 1812 618 1847 est
640 1819 650 1846 ε
672 1823 690 1840 «
711 1801 847 1846 Filius
865 1811 905 1846 et
923 1801 1052 1845 Pater
1070 1800 1296 1846 intrabant
1315 1801 1368 1846 ad
1388 1818 1516 1846 unam
1532 1801 1742 1864 puellam,

367 1896 388 1917 >2
411 1885 458 1919 ut
476 1873 722 1936 polluerent
746 1889 902 1916 nomen
930 1872 1009 1916 Dei
1031 1871 1135 1918 suiff.
1166 1894 1184 1912 ›>

434 1943 599 1988 XXXI.
633 1943 722 1987 Nec
747 1941 835 1986 ullo
862 1940 992 1986 modo
1023 1940 1091 1985 isti
1117 1941 1315 2004 expedire
1341 1959 1381 1986 se
1402 1953 1609 2005 possunt,
1646 1960 1746 1988 cum

369 2014 428 2060 cis
453 2011 743 2077 proponitur,
770 2028 849 2056 cur
866 2010 1068 2056 sanctitas
1089 2011 1345 2056 sacramenti
1362 2022 1402 2056 ct
1422 2011 1574 2058 haberi
1594 2023 1635 2059 et
1653 2012 1747 2059 dari

370 2083 507 2147 possit
526 2082 581 2127 ab
609 2099 658 2127 eo
679 2098 807 2144 quem
834 2082 948 2126 intus
970 2080 1221 2126 sceleratum
1241 2085 1332 2140 jam
1358 2084 1472 2128 Deus
1492 2083 1743 2140 damnavit,

372 2164 415 2199 et
440 2164 545 2198 tune
567 2151 750 2214 incipiat
774 2151 828 2196 ab
855 2168 903 2196 eo
931 2150 1024 2196 dari
1050 2168 1135 2196 non
1166 2168 1312 2214 posse,
1340 2168 1438 2197 cum
1471 2154 1525 2199 ab
1550 2154 1747 2200 homini-

369 2225 454 2269 bus
484 2222 715 2268 damnatus
750 2220 878 2266 fuerit
897 2258 907 2276 ‚
936 2237 1035 2267 cum
1074 2231 1215 2266 tamen
1246 2238 1326 2266 nec,
1363 2232 1468 2268 tuuc
1497 2241 1588 2269 eam
1612 2224 1747 2287 possit,

374 2296 582 2352 amittere.
606 2295 829 2338 Postremo
847 2309 924 2337 cur
941 2291 1197 2347 Felicianus,
1215 2309 1343 2355 quem
1367 2311 1466 2338 cum
1492 2296 1747 2341 Maximiano

372 2365 552 2411 trecenti
574 2363 723 2409 decem
755 2362 1073 2409 danmavcrunt
1088 2400 1097 2417 ‚
1135 2373 1176 2407 et
1199 2363 1275 2408 (liu
1304 2363 1407 2410 foris
1427 2366 1471 2410 in
1496 2366 1716 2427 sacrilegio
1733 2404 1744 2423 ‚

369 2437 482 2482 sicut
505 2434 589 2498 ipsi
618 2433 662 2479 in
698 2432 884 2478 concilio
909 2433 1014 2478 suo3
1051 2434 1471 2496 promintiavernnt‚
1506 2437 1748 2482 schismatis

364 2506 471 2561 fuit,
502 2521 588 2549 non
615 2502 755 2548 solum
776 2503 919 2565 ipsum
944 2504 1245 2566 baptismum,
1275 2504 1345 2549 sed
1369 2506 1495 2551 etiam
1521 2510 1592 2566 jus
1613 2507 1747 2552 dandi

416 2592 425 2613 ¹
446 2602 457 2620 ι
487 2589 641 2631 11nssw,
666 2597 715 2628 ¹2)-
740 2606 780 2612 —
801 2586 816 2608 2
834 2590 943 2620 Amos.
963 2600 1001 2628 υ,
1024 2600 1054 2628 7.
1076 2606 1119 2612 -—
1137 2586 1149 2611 3
1164 2590 1346 2631 bagaitano.
