1894 3154
342 282 398 313 nr.
435 282 656 314 BAPrisno
689 281 866 314 CONTRA
900 282 1191 325 0011111151115,
1229 286 1316 318 Lm.
1356 289 1420 319 v1.
1491 275 1583 330 415

214 346 393 409 iniquis,
421 347 508 392 hoc
531 358 573 392 et
588 346 651 392 illi
669 347 984 410 respondeatur
1000 347 1054 393 de
1074 348 1315 406 haeretici83
1339 353 1385 398 id
1409 365 1487 410 est,
1514 372 1586 410 ne-

213 433 297 479 que
336 434 483 462 eorum
504 434 590 462 esse
626 417 894 479 baptismum
935 434 1022 480 quo
1056 418 1299 481 baptizant
1335 435 1376 468 et
1394 441 1480 469 non
1501 443 1586 470 esse

213 502 476 549 consequens
509 496 557 531 ut
583 486 777 549 quisquis
795 487 930 532 habet
950 487 1220 550 baptismum
1240 490 1423 547 Chiisti,
1455 494 1585 539 etiam

212 555 265 601 de
296 566 576 618 peccatorum
617 556 862 602 remissione
898 574 1072 603 securus
1094 559 1175 613 sit;
1200 560 1234 604 si
1261 560 1413 606 hocin
1443 579 1589 608 sacra-

211 637 357 671 mento
384 636 555 671 tantum
574 625 726 682 habet,
751 643 830 671 nec
853 628 997 673 veraci
1020 628 1160 673 cordis
1179 631 1457 676 conversione
1481 649 1590 678 con-

211 711 358 741 versus
376 707 454 753 est,
482 695 782 742 utdimittenti
809 697 1113 745 dimitteretur.

275 767 442 812 LXIII.
478 766 595 812 Alius
621 766 736 811 Felix
755 766 809 811 ab
837 767 1002 813 Uthina
1021 769 1159 814 dixit:
1178 770 1382 816 «Nemini
1400 771 1586 817 dubium

213 847 297 892 est,
329 836 586 881 sanctissimi
606 853 688 881 con
672 836 952 893 sacerdotes,
988 855 1077 884 non
1100 839 1144 884 in
1167 850 1337 885 tantum
1358 859 1480 904 posse
1504 841 1593 886 hu-

211 923 384 951 manam
408 907 826 969 praesumptionem,
853 918 1067 970 quantum
1107 909 1285 954 Domini
1324 911 1457 956 nostri
1495 915 1593 955 Jesu

214 975 378 1021 Christi
437 975 702 1021 adorandam
747 987 787 1021 et
830 978 1121 1023 venerabilem
1164 982 1443 1037 majestatem.
1500 981 1594 1024 Me-

211 1057 350 1091 mores
368 1063 467 1105 ergo
494 1046 694 1109 periculi,
720 1047 808 1092 hoc
846 1064 1021 1110 quoque
1044 1065 1132 1093 non
1156 1059 1326 1094 tantum
1365 1050 1592 1095 observare

214 1115 438 1172 debemus,
465 1116 746 1162 verumetiam
768 1117 822 1162 ab
848 1118 1053 1163 omnibus
1090 1119 1216 1164 nobis
1243 1120 1518 1177 confirmare,
1547 1131 1595 1165 ut

216 1203 362 1231 omnes
386 1186 611 1242 haeretici,
651 1187 727 1250 qui
754 1187 809 1232 ad
840 1188 982 1232 sinum
1015 1189 1163 1234 matris
1196 1189 1402 1235 Ecclesiae
1438 1207 1597 1235 accur—

215 1265 338 1311 runt,
367 1256 670 1318 baptizentur3
693 1267 740 1302 ut
764 1274 882 1302 mens
910 1257 1131 1314 haeretica,
1157 1275 1256 1321 quae
1274 1258 1481 1305 diuturna
1498 1260 1598 1306 tabe

217 1325 385 1389 polluta
408 1336 485 1381 est,
521 1328 862 1373 sanctificatione
887 1327 1051 1374 lavacri
1072 1340 1257 1392 purgata
1279 1329 1324 1374 in
1353 1330 1504 1375 melius
1533 1348 1593 1375 re-

217 1396 442 1442 formetur.
467 1417 487 1438 >2

282 1466 439 1513 LXIV.
471 1468 677 1512 Fortassis
720 1468 796 1513 iste
820 1469 898 1531 qui
926 1469 970 1514 in
996 1469 1204 1515 diuturna
1229 1472 1326 1516 tabe
1369 1470 1596 1533 purganda

224 1555 399 1584 causam
420 1538 584 1600 posuit,
613 1556 691 1584 cur
706 1538 914 1585 deberent
930 1540 1128 1586 haeretici
1145 1542 1377 1604 baptizari,
1403 1553 1599 1604 parceret

219 1609 277 1654 eis
313 1608 388 1672 qui
412 1609 457 1654 in
475 1609 666 1671 aliquam
686 1609 885 1655 haeresim
905 1611 1112 1657 irruentes
1130 1612 1279 1671 exiguo
1299 1612 1388 1657 illic
1406 1623 1600 1674 tempore

218 1678 412 1731 fuissent,
441 1680 581 1724 etcito
606 1681 791 1725 correcti
817 1681 870 1726 ad
899 1681 1173 1727 Catholicam
1206 1682 1307 1727 inde
1327 1682 1592 1741 migrassent.

222 1749 387 1795 Deinde
405 1750 556 1813 etipse
591 1767 749 1812 parum
793 1750 994 1807 advertit,
1024 1751 1083 1796 ita
1106 1751 1194 1796 dici
1226 1769 1364 1815 posse,
1394 1752 1598 1815 utiniqui

221 1836 367 1864 omnes
390 1820 466 1882 qui
498 1819 553 1865 ad
580 1820 700 1864 illam
724 1831 889 1882 petram
919 1822 966 1866 in
1001 1838 1086 1884 qua
1118 1821 1308 1866 Ecclesia
1332 1822 1601 1881 significatur

222 1900 472 1943 accurrunt,
495 1890 789 1952 baptizentur,
810 1902 858 1936 ut
879 1909 995 1936 mens
1015 1892 1163 1955 iniqua
1180 1909 1281 1955 quae
1301 1902 1416 1937 extra
1433 1902 1601 1954 petram

221 1959 267 2004 in
293 1976 417 2006 arena
459 1960 711 2006 aedificabat
731 1960 948 2006 audiendo
976 1961 1108 2007 verba
1147 1961 1313 2007 Christi
1336 1972 1378 2007 et
1403 1978 1493 2006 non
1535 1961 1603 2006 fa-

222 2029 394 2083 ciendo‚
416 2031 755 2076 sanctificatione
775 2031 937 2078 lavacri
962 2042 1147 2094 purgata
1167 2031 1213 2076 in
1232 2031 1382 2076 melius
1400 2031 1603 2076 reforme-

223 2109 294 2144 tur
318 2117 328 2143 ε
356 2110 562 2145 ettamen
606 2117 694 2145 11011
731 2101 804 2155 fit,
841 2101 874 2145 si
895 2104 986 2159 jam
1020 2101 1232 2162 baptizati
1273 2112 1390 2157 sunt,
1417 2102 1545 2146 etiam
1568 2101 1603 2146 si

222 2170 467 2232 probentur
492 2170 593 2214 tales
609 2168 738 2215 fuisse
775 2187 878 2216 cum
895 2169 1247 2232 baptizarentur3
1281 2169 1327 2215 id
1353 2181 1431 2228 est,
1457 2181 1504 2222 ut
1527 2187 1603 2216 sae—

225 2238 325 2284 culo
349 2239 492 2284 verbis
517 2250 558 2284 et
582 2256 671 2284 non
688 2238 813 2285 factis
831 2239 1144 2286 renuntiarent.

289 2310 421 2356 LXV.
448 2309 632 2365 Quietus
657 2328 680 2355 a
700 2311 883 2356 Buruch
921 2310 1026 2355 dixit
1052 2328 1063 2355 ε
1105 2332 1125 2352 «
1147 2310 1236 2367 Qui
1276 2310 1362 2355 fide
1399 2311 1604 2365 vivimus,

228 2379 411 2442 obsequi
432 2379 501 2424 his
526 2396 624 2442 quae
647 2379 912 2425 instruendis
949 2379 1076 2425 nobis
1113 2390 1211 2425 ante
1235 2379 1449 2443 praedicta
1480 2393 1604 2437 sunt,

229 2449 408 2495 credula
425 2450 726 2497 observatione
750 2450 971 2497 debemus.
1005 2450 1115 2496 <Ram
1155 2451 1370 2514 scriptum
1409 2462 1469 2496 est
1492 2453 1610 2515 apud

231 2519 540 2566 Salomonem:
572 2542 592 2563 α
613 2521 704 2577 Qui
741 2520 994 2584 baptizatur
1018 2539 1042 2568 a
1073 2532 1265 2579 mortuo,
1311 2521 1420 2586 quid
1437 2523 1614 2587 proficit
