1894 3154
334 246 509 279 CONTRA
543 244 787 278 EPISTOLAM
824 243 1122 286 PARMEMAM,
1161 245 1249 277 LtB.
1292 247 1360 278 111.
1470 246 1562 294 ⁴229

194 330 365 360 cussum
396 313 529 373 igitur
558 313 818 375 firmumque
850 321 1087 367 teneamus,
1114 311 1256 357 nullos
1278 312 1418 359 bonos
1444 313 1499 358 ab
1517 330 1566 358 ea

197 401 238 430 se
257 401 380 448 posse
403 383 617 439 dividere,
645 382 796 437 idest,
824 381 966 427 nullos
977 382 1145 427 bonos:
1173 381 1338 428 etiamsi
1366 384 1561 442 cognitos

196 455 278 500 sibi
298 453 434 500 malos
455 454 694 517 patiantur,
724 452 991 515 ubicumque
1020 462 1261 507 versentur,
1297 463 1480 516 propter
1495 470 1567 498 eos

195 542 236 570 se
263 542 285 570 a
309 524 434 584 longe
452 523 602 588 positis
625 523 908 582 etincognitis
922 523 1049 569 bonis
1070 523 1294 568 temerario
1320 523 1567 569 schismatis

196 594 417 654 sacrilegio
437 612 657 658 separare3
682 593 792 639 utin
812 610 1090 657 quacumque
1113 603 1235 656 parte
1262 604 1472 639 terrarum
1498 592 1567 638 vel

196 665 309 711 facta
328 676 429 710 sunt
446 665 525 710 ista
540 702 550 720 ‚
578 665 643 711 vcl
668 665 796 720 fiunt,
820 663 887 710 vel
909 664 1055 709 futura
1088 674 1210 720 sunt,
1232 664 1397 710 caeteris
1432 674 1569 709 terra-

197 752 294 781 rum
308 736 645 799 partibuslongc
656 735 823 799 positis,
844 745 1039 781 ctutrum
1055 735 1167 780 facta
1186 734 1270 779 sint
1283 734 1348 781 vel
1365 751 1443 780 cur
1455 733 1570 779 facta

198 806 283 851 sint
303 806 623 865 ignorantibus,
642 816 838 851 ettamen
859 822 960 851 cnm
985 805 1091 850 orbe
1118 815 1325 850 terrarum
1338 805 1382 850 in
1395 803 1572 850 unitatis

199 875 375 921 vinculo
411 876 789 939 permanentibus,
815 892 862 920 ea
885 876 977 938 ipsa
1006 874 1060 919 sit
1079 875 1201 919 firma
1221 874 1443 929 securitas,
1485 889 1572 917 non

199 946 285 991 hoc
307 946 497 1009 potuisse
526 945 666 992 facere
683 983 694 1002 ,
735 946 817 991 nisi
842 955 917 991 aut
939 944 1158 1008 superbiae
1180 955 1348 989 tumore
1369 943 1570 997 furiosos,

201 1026 276 1061 aut
297 1016 548 1076 invidentiae
569 1016 704 1062 livore
721 1032 896 1061 vesanos
915 1052 925 1071 ,
951 1025 1027 1060 aut
1044 1014 1241 1059 saeculari
1265 1013 1574 1059 commoditate

201 1096 448 1149 corruptos,
477 1096 550 1131 aut
566 1085 729 1131 carnali
744 1085 896 1130 timore
912 1101 1151 1147 perversos.
1173 1084 1349 1141 Quibus
1370 1084 1573 1129 omnibus

202 1155 340 1202 causis
357 1155 558 1211 efficitur,
582 1166 629 1200 ut
652 1156 719 1201 vel
745 1155 852 1200 honi
875 1154 988 1200 falsis
1008 1154 1267 1201 criminibus
1289 1153 1572 1208 infamentur,

201 1225 269 1271 vel
288 1236 443 1271 temere
480 1226 533 1271 de
552 1225 682 1271 bonis
714 1224 820 1271 falsa
843 1224 1094 1280 credantur,
1121 1224 1191 1271 vel
1207 1225 1346 1290 Aetiam
1372 1224 1476 1270 mali
1500 1223 1578 1286 qui

202 1312 284 1359 pro
303 1296 478 1341 unitatis
503 1295 678 1342 vinculo
699 1295 866 1341 tolerati
888 1295 999 1340 nihil
1019 1296 1182 1341 obsunt
1205 1295 1350 1351 bonis,
1379 1294 1578 1356 disrupta

203 1366 421 1412 bonorum
450 1383 558 1430 pace
587 1365 903 1429 perversissime
937 1364 1187 1425 fugiantur,
1227 1382 1328 1410 cum
1367 1363 1579 1410 vexationi

201 1436 520 1483 frumentorum
539 1453 626 1483 non
654 1436 852 1502 puarcitur
872 1435 1188 1498 usurpantibus
1215 1435 1299 1480 sibi
1322 1434 1579 1480 hominibus

206 1518 302 1553 ante
318 1524 490 1553 messem
514 1507 634 1571 quod
658 1506 810 1567 Angcli
829 1507 873 1552 in
900 1523 1031 1552 messe
1053 1504 1212 1552 facturi
1229 1516 1344 1552 sunt.

270 1579 434 1625 XXIX.
473 1579 585 1635 Quae
632 1594 733 1624 cuni
767 1578 825 1623 ita
853 1578 938 1622 sint
955 1614 966 1631 ‚
1008 1576 1169 1622 audent
1212 1577 1339 1621 etiam
1377 1574 1581 1634 sacrilega

206 1649 439 1695 schismata
465 1648 531 1694 vel
554 1648 734 1694 haereses
755 1647 924 1710 impiae,
955 1647 988 1692 si
1013 1646 1190 1710 quando
1214 1646 1259 1691 in
1278 1645 1447 1705 flagello
1469 1655 1517 1690 ut
1540 1662 1581 1690 se

206 1720 425 1780 corrigant
447 1719 752 1774 admonentur,
776 1735 931 1780 poenas
942 1716 1102 1762 furoris
1117 1717 1182 1762 sui
1201 1717 1327 1762 etiam
1345 1717 1456 1762 inter
1472 1733 1584 1760 mar-

208 1791 319 1854 tyria
339 1790 562 1853 deputare.
597 1789 728 1846 Quod
752 1788 996 1834 existimans
1020 1788 1151 1833 etiam
1175 1787 1504 1837 Parmenianus,
1539 1786 1585 1831 in

210 1864 294 1908 sine
315 1860 520 1924 Epistolae
539 1876 626 1905 suae
661 1859 915 1905 exhortatur
940 1857 1206 1903 Tichonium
1223 1867 1272 1902 ut
1286 1857 1330 1902 in
1351 1867 1475 1919 parte
1497 1856 1587 1900 Do-

209 1933 297 1979 nati
322 1941 574 1995 permaneat
593 1940 634 1975 et
658 1929 981 1993 persecutiones
1002 1928 1214 1992 perferat,
1244 1927 1415 1973 dicens:
1440 1948 1459 1968 «
1489 1927 1587 1971 Non

210 2021 253 2050 se
272 2003 427 2049 debere
444 2001 667 2048 voluntate
680 2000 888 2061 conjungi
912 1999 987 2055 eis,
1011 1999 1172 2062 quibus
1189 1998 1488 2062 persecutione
1510 2013 1590 2042 co-

211 2084 334 2135 gente
378 2090 466 2120 non
491 2072 636 2132 juncti
659 2081 787 2126 sunt,
815 2092 835 2112 >³
868 2069 1083 2115 adhibens
1123 2068 1251 2113 etiam
1296 2067 1589 2113 testimonium

216 2145 457 2207 Scripturae
482 2142 663 2188 dicentis
684 2159 695 2186 t
717 2162 736 2181 «
761 2140 839 2186 Vae
865 2139 934 2185 his
954 2139 1031 2203 qui
1050 2137 1338 2202 perdiderunt
1369 2137 1590 2182 sustinen-

215 2237 234 2256 »
255 2215 377 2267 tiam,
394 2224 435 2259 et
455 2211 776 2273 diverteruntin
791 2211 880 2255 vias
898 2226 1066 2273 pravaS.
1090 2209 1144 2253 Et
1164 2207 1271 2270 quid
1292 2206 1468 2261 facient,
1490 2223 1591 2252 cum

216 2307 236 2327 »
255 2284 466 2348 inspicere
489 2282 672 2345 coeperit
687 2297 755 2327 eos
780 2280 994 2325 Dominus
1012 2278 1059 2323 1?
1082 2300 1101 2319 υ
1124 2294 1242 2323 more
1261 2293 1338 2322 suo
1359 2287 1516 2322 cuncta
1540 2276 1594 2321 de

215 2354 525 2401 divinisLibris
545 2353 747 2398 adversus
767 2368 808 2396 sc
831 2351 946 2413 ipsos
969 2365 1230 2412 proponens
1254 2347 1343 2403 Qui
1362 2347 1474 2392 enim
1498 2363 1595 2393 sus-

216 2427 439 2474 tinentiam
465 2423 778 2489 perdiderunt,
824 2422 903 2465 nisi
937 2420 1012 2484 qui
1034 2436 1106 2464 eos
1135 2419 1188 2464 de
1212 2418 1468 2463 criminibus
1492 2435 1594 2482 quae

217 2497 485 2557 objiciebant
498 2494 755 2540 convincere
766 2491 1072 2554 nequiverunt,
1094 2504 1202 2555 quos
1215 2505 1294 2553 pro
1307 2505 1415 2552 pace
1428 2487 1596 2536 Christi

268 2583 276 2603 ¹
300 2579 396 2611 ttccli.
416 2590 450 2612 ιι,
471 2578 521 2608 16.
