1894 3154
338 268 391 298 DE
429 267 646 298 nAt‘Tlsno
683 266 856 296 CONTRA
893 265 1184 306 DONATISTAS,
1224 268 1309 298 Lm.
1354 268 1402 300 ΙΙ.
1479 269 1566 317 277

212 331 480 391 telligebant,
511 333 731 376 irruerunt
753 330 797 374 in
820 330 967 375 oculos
985 330 1140 375 animae
1165 332 1251 375 veri
1274 332 1429 378 similes
1455 335 1585 379 ratio-

211 418 301 456 nes,
324 413 365 446 et
377 401 712 446 intercluserunt
731 400 810 444 iter
827 399 1168 461 pervestigandae
1184 401 1385 448 veritatis.

276 471 402 516 Xlll.
434 472 522 516 Nec
546 471 733 515 arbitror
751 471 928 514 beatum
959 470 1234 532 Cyprianum
1262 482 1443 533 propter
1467 472 1587 518 aliud

214 550 361 585 contra
375 540 729 586 consuetudinem
754 539 860 602 quid
886 541 1059 585 sentiret
1083 539 1262 585 liberius
1279 543 1589 604 exprompsisse

212 611 487 672 prioremque
509 610 659 656 dixisse
676 647 686 665 ‚
723 611 803 655 nisi
843 622 891 655 ut
912 610 1061 665 alium,
1092 611 1126 654 si
1145 610 1255 656 forte
1281 612 1491 667 existeret,
1519 612 1590 657 cui

214 690 318 724 esset
341 679 491 724 melius
505 680 756 733 revelatum,
784 680 1020 738 gratissime
1041 679 1280 742 acciperet;
1318 691 1359 725 et
1388 680 1591 726 ostende-

213 759 278 793 ret
290 749 561 803 imitandam,
589 766 676 794 non
694 748 833 794 solum
859 749 1042 794 docendi
1065 749 1356 808 diligentiam,
1374 749 1445 795 sed
1461 750 1591 795 etiam

216 818 408 863 discendi
432 819 682 864 modestiam
712 837 721 863 :
751 819 784 864 si
811 830 952 864 autem
987 819 1133 864 nullus
1152 819 1359 875 existeret,
1395 820 1472 883 qui
1511 819 1593 865 tale

217 887 380 951 aliquid
396 889 580 944 afferret,
609 889 723 934 unde
743 888 829 933 illae
851 906 998 934 omnes
1018 891 1107 935 veri
1127 889 1282 934 similes
1297 890 1480 935 rationes
1499 890 1596 952 qui-

218 958 303 1002 bus
324 958 584 1003 movebatur
608 959 919 1015 refellerentur,
948 960 993 1004 in
1018 959 1164 1004 eadem
1194 961 1402 1005 sententia
1422 977 1596 1023 perma-

217 1037 361 1082 neret,
388 1028 497 1072 bene
516 1029 599 1073 sibi
624 1029 821 1073 conscius
845 1040 887 1073 et
917 1045 1006 1073 non
1026 1028 1255 1073 occultatae
1279 1046 1378 1092 quae
1401 1030 1597 1092 putaba-

221 1107 290 1141 tur
308 1096 514 1148 veritatis‚
545 1108 587 1142 et
614 1107 790 1142 retentae
824 1114 923 1160 quae
948 1098 1178 1143 amabatur
1202 1099 1393 1145 unitatis,
1421 1101 1531 1145 Nam
1551 1111 1593 1145 et

218 1166 329 1212 illud
345 1166 404 1211 sic
416 1166 623 1212 intellexit
645 1167 763 1229 quod
790 1168 848 1212 ait
876 1168 1137 1230 Apostolus:
1162 1169 1429 1232 «Prophetae
1450 1180 1593 1234 autem

220 1257 240 1277 2>
260 1236 347 1281 duo
363 1246 436 1281 aut
459 1236 809 1298 tresloquantur,
837 1247 878 1281 et
895 1237 1039 1282 caeteri
1059 1238 1330 1283 examinent1
1351 1259 1361 1291 ;
1382 1240 1415 1284 si
1440 1239 1511 1284 alii
1529 1257 1600 1284 re-

220 1305 408 1352 velatum
433 1304 563 1350 fuerit
581 1305 772 1360 sedenti,
796 1305 867 1351 ille
894 1307 1015 1369 prior
1038 1317 1192 1353 taceat.
1224 1308 1321 1363 Qua
1345 1308 1390 1352 in
1421 1309 1595 1371 parte2,

221 1374 364 1438 inquit
385 1412 395 1430 ,
435 1374 586 1420 docuit
624 1385 665 1420 et
690 1375 894 1432 ostendit,
922 1376 1058 1421 multa
1086 1377 1263 1436 singulis
1284 1378 1328 1422 in
1354 1379 1505 1423 melius
1528 1395 1602 1423 re·-

222 1445 370 1501 velari,
394 1454 437 1489 et
461 1444 618 1490 debere
631 1462 1003 1509 unumquemque,
1032 1464 1120 1491 non
1147 1465 1228 1510 pro
1251 1465 1300 1492 eo
1325 1448 1442 1510 quod
1473 1448 1602 1493 semel

222 1514 459 1559 imbiberat
494 1524 537 1558 et
562 1515 764 1571 tenebat,
791 1516 1071 1577 pertinaciter
1092 1516 1315 1575 congredi,
1347 1517 1417 1562 sed
1443 1517 1476 1562 si
1494 1517 1602 1580 quid

224 1583 376 1628 melius
400 1593 440 1627 et
464 1582 613 1628 utilius
633 1584 834 1639 extiterit,
862 1584 1048 1630 libenter
1072 1586 1291 1648 amplecti.
1311 1608 1330 1627 »
1354 1587 1432 1632 His
1451 1588 1602 1650 utique

225 1653 368 1698 verbis
394 1670 481 1697 non
492 1652 628 1698 solum
644 1670 713 1698 eos
735 1654 962 1699 admonuit
981 1655 1064 1700 sibi
1077 1657 1332 1712 consentire,
1356 1657 1431 1719 qui
1454 1656 1605 1702 melius

228 1722 394 1785 aliquid
410 1739 496 1767 non
508 1722 718 1768 videbant
733 1744 744 1776 ;
760 1723 833 1768 sed
852 1725 978 1769 etiam
993 1725 1192 1769 hortatus
1203 1736 1281 1781 est,
1297 1726 1416 1790 siqui
1433 1736 1607 1789 possent

229 1793 376 1837 afferre
401 1792 564 1854 aliquid
582 1809 670 1855 quo
691 1793 812 1856 prior
835 1794 1104 1840 consuetudo
1120 1796 1329 1841 servanda
1344 1797 1490 1859 potius
1522 1798 1602 1841 fir-

229 1872 446 1907 maretur:
475 1871 520 1906 ut
548 1862 582 1906 si
610 1862 691 1907 tale
718 1873 821 1907 esset
856 1863 977 1926 quod
1003 1863 1139 1909 refelli
1165 1882 1252 1909 non
1277 1876 1437 1928 posset,
1474 1866 1604 1911 etiam

227 1933 318 1994 ipse
340 1930 580 1976 ostenderet
607 1948 739 1993 quam
767 1933 976 1977 veraciter
1003 1933 1157 1980 dixerit
1181 1952 1191 1978 ε
1220 1956 1239 1975 «
1256 1936 1422 1981 Debere
1449 1952 1606 1982 unum-

231 2018 444 2064 quemque
466 2018 557 2046 non
584 2018 665 2064 pro
697 2018 745 2046 eo
781 2002 899 2064 quod
924 2003 1053 2048 semel
1088 2005 1322 2050 imbiberat
1341 2017 1382 2051 et
1417 2006 1605 2061 tenebat,

231 2070 512 2134 pertinaciter
530 2070 754 2130 congredi,
776 2071 848 2116 sed
868 2072 902 2116 si
932 2072 1038 2134 quid
1059 2074 1211 2119 melius
1230 2085 1271 2119 et
1293 2075 1439 2120 utilius
1457 2078 1609 2121 extite-

233 2144 308 2195 rit,
343 2140 529 2185 libenter
571 2141 830 2203 amplecti.»
861 2141 945 2187 Sed
970 2143 1071 2204 quia
1098 2153 1202 2188 tunc
1226 2161 1313 2189 non
1352 2145 1602 2202 extiterant,

235 2211 315 2255 nisi
336 2210 413 2273 qui
432 2210 470 2254 ei
491 2210 848 2256 consuetudinem
865 2224 1137 2274 opponerent
1156 2232 1167 2265 3
1189 2213 1451 2259 defensiones
1466 2226 1611 2261 autem

235 2281 369 2342 ipsius
393 2279 715 2325 consuetudinis
733 2298 820 2325 non
841 2281 940 2325 tales
975 2282 1190 2337 afferrent,
1216 2283 1377 2345 quibus
1404 2284 1478 2329 illa
1515 2286 1610 2331 talis

238 2350 379 2395 anima
414 2360 659 2395 moveretur
682 2367 692 2394 :
720 2350 858 2395 noluit
883 2351 948 2395 vir
976 2352 1246 2409 gravissimus
1271 2353 1456 2399 rationes
1480 2372 1575 2400 suas
1594 2394 1604 2410 ,

238 2419 317 2464 etsi
339 2435 425 2463 non
450 2435 587 2474 veras,
617 2419 762 2482 (quod
781 2437 878 2465 eum
901 2419 1114 2482 latebat),
1136 2421 1208 2466 sed
1235 2432 1377 2468 tamen
1401 2440 1489 2468 non
1512 2426 1609 2470 vic-

240 2499 322 2544 tas,
367 2488 507 2533 veraci
531 2488 725 2551 quidem,
749 2489 819 2533 sed
847 2499 989 2533 tamen
1010 2490 1207 2536 nondum
1230 2503 1400 2539 assertae
1426 2510 1611 2540 consue-

291 2572 300 2593 1
325 2583 336 2602 1
360 2572 434 2604 Cor.
453 2581 517 2603 xtv.
537 2582 590 2611 ²9·
609 2569 680 2595 ——3
700 2574 742 2602 Ex
758 2572 892 2615 epistola
911 2583 1003 2605 uxr.
1022 2573 1062 2604 2d
1081 2574 1245 2614 Quintum.
