1894 3154
570 319 626 349 nn
662 319 917 362 TRIMTATE,
955 314 1042 353 ΠΒ.
1085 323 1176 353 x1v.
1507 306 1569 359 35

199 385 386 429 Joannes
404 395 419 431 j
444 404 465 425 «
490 383 659 429 Similes
678 385 716 430 ei
732 385 889 431 erimus
907 423 918 441 ‚
952 387 1158 450 quoniam
1196 387 1442 436 videbimus
1471 408 1571 438 eum

199 473 220 496 ›>
242 454 368 500 sicuti
386 453 500 499 est1:
524 477 544 496 ›>
566 455 669 517 quia
691 466 732 500 et
747 455 800 501 de
821 456 893 501 illo
918 456 1023 502 dixit
1046 457 1099 502 de
1118 475 1205 521 quo
1224 458 1414 515 dixerat,
1437 482 1457 501 «
1476 462 1571 508 Filii

199 545 220 566 >)
246 524 326 568 Dei
342 540 501 570 sumus.
528 546 548 566 >³
570 526 624 569 Et
640 525 940 571 immortalitas
958 527 1099 572 carnis
1118 527 1189 572 illo
1205 529 1454 591 perficietur
1470 542 1570 575 mo·-

198 604 343 639 mento
366 595 712 649 resurrectionis,
739 595 792 640 de
818 613 906 659 quo
931 597 988 641 ait
1011 597 1231 660 apostolus
1254 599 1414 645 Paulus
1437 617 1446 645 :
1475 621 1494 642 «
1521 602 1573 646 In

198 683 219 705 >³
240 664 331 709 ictu
358 664 496 719 oculi,
525 665 569 709 in
600 665 827 710 novissima
853 667 981 717 tuba,
1009 677 1050 711 et
1074 668 1233 713 mortui
1257 677 1478 729 resurgent
1500 670 1573 715 in·-

199 755 219 776 »
243 734 439 797 corrupti
458 771 468 789 ‚
491 745 532 780 et
549 751 624 780 nos
642 735 975 781 immutabimur
990 737 1023 783 2.
1051 759 1071 777 »
1094 739 1145 782 ln
1165 738 1258 801 ipso
1279 755 1466 804 namque
1482 741 1572 787 ictu

199 804 314 850 oculi
332 805 655 864 antejudicium
674 817 863 866 resurget
886 807 929 851 in
951 809 1133 863 virtute,
1158 809 1202 853 in
1220 811 1574 873 incorruptione,

197 875 244 920 in
268 875 402 934 gloria
428 892 588 938 corpus
604 876 797 938 spiritale
813 913 824 930 ,
852 877 972 939 quod
1001 894 1118 922 nunc
1139 879 1374 924 seminatur
1392 881 1437 925 in
1455 881 1574 925 infir-

199 945 372 1000 mitate,
401 946 680 1008 corruptione
699 982 709 998 ‚
735 946 995 991 contumelia
1016 964 1175 1009 corpus
1194 948 1390 995 animale.
1424 951 1574 1009 Imago

199 1031 299 1059 vero
322 1031 422 1078 quae
444 1025 676 1059 renovatur
697 1015 740 1059 in
761 1015 919 1077 spiritu
951 1017 1106 1060 mentis
1137 1017 1182 1060 in
1217 1018 1435 1075 agnitione
1468 1020 1574 1075 Dei,

199 1102 287 1130 non
307 1086 505 1139 exterius,
531 1085 603 1130 scd
626 1085 803 1131 interius
823 1085 876 1131 de
897 1086 965 1131 die
991 1087 1033 1130 in
1054 1086 1185 1137 diem,
1214 1087 1305 1149 ipsa
1328 1089 1578 1150 perficietur

199 1157 384 1212 visione9
423 1173 523 1220 quae
564 1167 669 1202 tunc
701 1157 781 1202 erit
808 1168 907 1220 post
929 1157 1147 1217 judicium
1174 1157 1284 1203 facie
1312 1159 1365 1204 ad
1394 1160 1574 1218 faciem,

200 1244 318 1272 nunc
335 1237 477 1272 autem
500 1228 678 1289 proficit
696 1244 774 1289 per
793 1227 1017 1290 speculum
1045 1228 1090 1272 in
1118 1228 1346 1287 frnigmate
1363 1229 1395 1276 3³
1432 1224 1578 1294 propa

201 1301 265 1342 ter
282 1301 406 1357 cujus
418 1296 722 1360 perfectionem
738 1297 902 1342 dictum
922 1297 1249 1357 intelligendum
1269 1310 1356 1354 est,
1379 1320 1397 1339 «
1412 1300 1578 1346 Similes

203 1387 223 1409 »
250 1368 287 1413 ei
317 1367 500 1423 erimus,
527 1368 732 1431 quoniam
757 1367 1003 1412 videbimus
1025 1385 1121 1413 enm
1147 1367 1272 1413 sicuti
1297 1370 1402 1416 est&
1429 1391 1450 1411 n
1479 1369 1576 1415 Hoc

204 1437 317 1483 enim
348 1437 510 1483 donum
546 1449 652 1483 tunc
685 1438 812 1482 nobis
850 1438 1046 1493 dabitur,
1078 1455 1176 1483 cum
1215 1439 1383 1484 dictum
1415 1439 1574 1496 fuerit,

203 1529 222 1549 «
248 1509 420 1565 Venite,
451 1509 670 1555 benedicti
696 1510 834 1554 Patris
857 1509 961 1560 mci,
985 1508 1198 1571 possidete
1222 1521 1425 1573 paratum
1454 1510 1579 1557 vobis

201 1602 222 1621 ))
247 1597 426 1640 regnum
442 1580 474 1627 5.
503 1602 520 1621 s>
539 1581 665 1625 Tunc
683 1581 850 1643 quippe
862 1580 1231 1643 tolleturimpius‚
1252 1592 1299 1626 ut
1323 1598 1410 1626 non
1435 1581 1580 1626 videat

200 1650 438 1696 claritatem
460 1650 635 1695 Domini
650 1650 667 1677 6
683 1686 693 1701 ,
719 1650 896 1712 quando
921 1650 1049 1694 ibunt
1069 1650 1224 1695 sinistri
1250 1652 1293 1695 in
1311 1651 1578 1713 supplicium

200 1732 406 1767 aeternum
423 1758 433 1777 ‚
461 1720 663 1766 euntibus
686 1719 841 1764 dextris
860 1720 906 1764 in
929 1720 1061 1764 vitam
1096 1730 1315 1767 aeternam.
1349 1741 1368 1760 ε(
1384 1721 1492 1766 Haee
1517 1731 1579 1766 est

201 1813 221 1833 »
247 1802 387 1837 autem
407 1829 416 1845 ‚
444 1791 556 1836 sicut
588 1791 647 1835 ait
668 1789 832 1834 Veritas
851 1826 861 1844 ‚
897 1790 984 1834 vita
1013 1800 1203 1845 aetcrna5
1239 1800 1287 1835 ut
1316 1802 1579 1849 cognoscant

200 1882 221 1904 ›>
246 1873 288 1907 te
303 1899 314 1917 ‚
336 1862 504 1925 inquit,
527 1877 663 1906 unum
680 1876 831 1906 verum
854 1863 1014 1916 Deum,
1042 1870 1083 1905 et
1102 1877 1231 1923 quem
1255 1860 1406 1906 misisti
1429 1862 1578 1908 Jesum

201 1954 222 1974 »
247 1933 471 1977 Christum
488 1931 520 1978 7.
546 1952 567 1973 »

264 2003 424 2049 XXVI.
449 2003 574 2047 Hanc
600 2000 982 2064 contemplativam
1007 2000 1258 2062 sapientiam
1280 2037 1290 2056 ‚
1311 2016 1443 2064 quam
1466 2017 1572 2064 pro-

199 2075 292 2137 prie
302 2084 410 2137 puto
425 2072 470 2117 in
481 2071 652 2117 Litteris
666 2072 822 2117 sanctis
833 2088 853 2115 a
871 2070 1046 2115 scientia
1058 2070 1306 2115 distinctam
1321 2072 1576 2133 sapientiam

199 2144 476 2206 nuncupari,
502 2143 709 2188 duntaxat
735 2140 949 2195 hominis,
973 2156 1073 2202 quae
1091 2140 1268 2202 quidem
1292 2139 1353 2184 illi
1383 2157 1468 2185 non
1488 2151 1572 2196 est,

198 2214 279 2260 nisi
309 2215 365 2259 ab
388 2213 462 2259 illo
487 2217 610 2272 cujus
636 2212 971 2275 participatione
1004 2227 1101 2255 vere
1140 2210 1308 2272 sapiens
1338 2210 1430 2255 fieri
1460 2227 1577 2255 mens

198 2285 418 2330 rationalis
441 2294 482 2329 et
504 2281 800 2341 intellectualis
821 2291 963 2343 potest
978 2317 988 2334 ,
1017 2281 1168 2324 Cicero
1200 2280 1508 2325 commendans
1531 2281 1577 2325 in

198 2356 282 2401 fine
301 2355 460 2414 dialogi
484 2352 703 2399 Hortensii
721 2372 732 2406 ς
761 2373 779 2392 α
800 2352 910 2407 Quae
930 2351 1053 2395 nobis
1071 2386 1081 2404 ,
1105 2350 1272 2412 inquit,
1297 2349 1387 2394 dics
1405 2360 1578 2395 noctes-

196 2442 281 2490 que
304 2424 678 2471 considerantibus
713 2422 1055 2483 acuentibusque
1084 2418 1412 2479 intelligentiam
1431 2449 1444 2476 ‚-
1475 2436 1575 2483 quae

246 2541 257 2562 ¹
282 2554 294 2573 ι
316 2543 409 2572 Joan.
428 2551 482 2579 111,
512 2551 541 2570 2.
558 2556 604 2562 -
623 2536 638 2560 2
659 2550 670 2568 1
694 2540 768 2570 Cor,
787 2547 837 2571 xv,
859 2538 912 2567 52.
938 2553 983 2558 —
999 2531 1013 2556 3
1032 2534 1079 2566 Id.
1103 2546 1177 2570 xur,
1198 2545 1250 2566 12.
1272 2552 1315 2557 -
1331 2524 1348 2550 4

1369 2545 1380 2564 1
1402 2537 1497 2568 Joan.
1519 2546 1574 2574 111,

200 2605 233 2629 α.
253 2611 297 2618 —-
311 2591 325 2615 ⁵
343 2592 457 2626 Matth.
474 2603 550 2630 xxv,
567 2594 622 2628 34.
641 2609 686 2614 -
704 2588 809 2623 ⁶Isa'1'.
832 2600 919 2626 xxm,
946 2598 994 2621 ισ.
1018 2606 1049 2611 *—
1076 2585 1090 2609 ⁷
1108 2590 1203 2620 Joan.
1221 2597 1303 2629 xva,
1327 2589 1357 2618 3.

1364 2648 1404 2700 3.
