1894 3154
575 308 631 339 m:
665 307 917 351 ΤΜΝΙΤΔΤΕ,
956 311 1044 341 Lm.
1084 312 1156 341 xv.
1496 300 1550 345 81

189 394 211 415 »
234 375 323 420 niat
359 374 414 419 ad
442 390 538 429 me,
572 383 614 418 et
641 373 781 420 bibat.
820 374 908 430 Qui
937 374 1073 419 credit
1103 375 1148 419 in
1180 392 1272 431 me,
1309 378 1419 423 sicut
1453 380 1561 426 dicit

190 463 211 483 ›>
235 443 458 506 Scriptura
475 479 486 498 ,
507 442 687 488 flumina
707 442 760 487 de
778 453 925 488 ventre
954 447 1044 502 ejus
1066 443 1201 489 fluent
1223 462 1347 508 aquae
1372 447 1559 494 vivae1.„

190 513 325 558 Porro
359 512 627 572 Evangelista
656 522 826 557 secutus
865 512 1086 572 adjunxit,
1121 534 1140 553 «
1161 514 1256 559 Hoc
1281 526 1425 560 autem
1456 517 1563 561 dixit

188 582 210 623 Ξ)
234 582 287 627 de
312 582 478 645 Spiritu
495 620 505 638 ‚
533 599 661 645 quem
681 583 903 645 accepturi
925 594 1047 628 erant
1076 583 1296 629 credentes
1321 586 1367 630 in
1390 602 1504 632 eum.
1540 608 1560 627 »

189 652 314 697 Unde
332 652 440 697 dicit
472 653 601 698 etiam
628 652 792 697 Paulus
819 653 1084 715 Apostolus:
1112 675 1132 695 ‹.‹
1159 655 1215 698 Et
1247 671 1393 700 omnes
1425 672 1563 701 unum

190 743 212 764 »
235 722 449 784 Spiritum
467 723 737 785 portavimus
752 723 784 768 2.
810 743 830 763 ›>
853 723 1009 768 Utrum
1037 734 1180 769 autem
1212 724 1377 770 donum
1401 727 1481 770 Dei
1511 727 1566 772 sit

193 792 408 856 appellata
432 810 542 856 aqua
557 794 638 838 ista
655 830 666 848 ,
694 792 812 855 quod
829 803 891 838 est
914 793 1103 856 Spiritus
1120 805 1314 850 sanctus,
1337 796 1424 840 hoc
1447 813 1567 858 quae-

190 863 315 909 ritur.
358 861 443 907 Sed
480 862 591 908 sicut
621 862 696 907 hic
732 862 973 907 invenimus
1019 863 1134 908 hanc
1168 880 1323 925 aquam
1353 865 1566 926 Spiritum

193 941 392 976 sanctum
409 948 512 986 esse,
535 932 595 976 ita
618 931 862 976 invenimus
885 931 989 976 alibi
1012 933 1056 975 in
1082 933 1175 993 ipso
1194 933 1428 991 Evangelio
1453 933 1568 977 hanc

194 1017 350 1064 aquam
388 1003 565 1046 Donum
607 1001 687 1046 Dei
726 1001 1001 1063 appellatam.
1045 1003 1155 1046 Nam
1203 1004 1411 1048 Dominus
1455 1003 1572 1049 idem

192 1073 368 1136 quando
393 1090 494 1119 cum
516 1073 698 1118 muliere
719 1073 988 1118 Samaritana
1014 1073 1068 1118 ad
1084 1085 1267 1136 puteum
1284 1075 1570 1138 loquebatur,

195 1145 266 1189 cui
289 1143 483 1199 dixerat,
515 1164 535 1184 α
552 1145 618 1189 Da
641 1143 753 1188 mihi
770 1143 920 1188 bibere
939 1164 951 1197 ;
980 1165 1000 1185 >2
1025 1161 1126 1189 cum
1152 1145 1225 1189 illa
1254 1146 1540 1208 respondisset
1559 1185 1570 1203 ‚

195 1212 314 1275 quod
328 1212 473 1258 Judaei
482 1229 569 1257 non
584 1222 862 1258 couterentur
875 1213 1178 1267 Samaritanis3
1198 1215 1421 1277 respondit
1434 1217 1572 1269 ι165115,

195 1294 238 1328 et
254 1282 360 1327 dixit
385 1282 422 1326 ei
453 1300 461 1327 :
483 1303 502 1323 «
525 1283 571 1327 Si
593 1283 720 1327 scires
748 1285 925 1327 Donum
946 1283 1051 1338 Dei,
1084 1294 1123 1328 et
1148 1285 1244 1345 quis
1272 1296 1334 1329 est
1364 1287 1439 1347 qui
1467 1286 1576 1332 dicit

198 1374 218 1394 »
243 1352 351 1397 tibi:
376 1354 442 1397 Da
461 1351 572 1398 mihi
592 1352 742 1397 bibere
757 1389 768 1407 ,
794 1363 841 1397 tu
860 1352 1041 1397 forsitan
1060 1354 1248 1416 petiisses
1269 1355 1322 1399 ab
1340 1372 1389 1400 eo
1403 1393 1415 1412 ,
1440 1367 1481 1401 et
1497 1357 1577 1402 de-

197 1443 218 1463 »
242 1421 371 1467 disset
387 1421 466 1466 tihi
483 1438 638 1484 aquam
654 1422 942 1468 vivamDicit
959 1423 996 1467 ei
1015 1423 1191 1468 mulier:
1215 1425 1416 1482 Domine,
1438 1444 1576 1489 neque

198 1513 219 1533 >2
243 1492 289 1536 iu
312 1508 400 1554 quo
426 1491 602 1536 haurias
622 1491 783 1548 habes,
817 1502 858 1537 et
880 1503 1037 1555 puteus
1070 1493 1180 1538 altus
1215 1504 1298 1548 est,
1333 1495 1448 1540 unde
1477 1513 1576 1555 ergo

201 1583 221 1602 »
245 1561 381 1606 habes
417 1577 576 1623 aquam
607 1561 785 1608 vivam?
815 1572 857 1606 et
893 1571 1062 1607 caetera.
1091 1563 1334 1624 Respondit
1366 1564 1510 1620 Jesus,
1534 1576 1576 1610 et

200 1652 221 1672 n
244 1629 352 1675 dixit
371 1630 434 1675 ei:
459 1630 613 1675 Omnis
638 1631 715 1692 qui
739 1631 902 1675 biberit
919 1648 966 1675 cx
983 1631 1068 1676 hac
1089 1649 1224 1693 aqua,
1255 1633 1366 1677 sitiet
1389 1635 1544 1679 iterum
1563 1656 1575 1689 ;

201 1721 222 1742 »
245 1700 321 1762 qui
344 1709 486 1744 autem
503 1699 666 1745 biberit
687 1717 733 1745 ex
758 1716 885 1762 aqua,
902 1717 1033 1762 quam
1055 1717 1131 1759 ego
1155 1701 1269 1746 dabo
1282 1704 1335 1759 ei,
1356 1720 1444 1749 non
1464 1705 1577 1749 sitiet

201 1792 223 1811 »
246 1770 293 1816 in
325 1781 554 1823 aeternam;
580 1769 653 1815 sed
685 1786 819 1832 aqua,
862 1786 995 1832 quam
1029 1787 1105 1829 ego
1124 1771 1239 1816 dabo
1263 1772 1301 1816 ei
1333 1773 1406 1818 fiet
1441 1774 1487 1818 in
1525 1792 1574 1820 eo

203 1862 224 1883 n
247 1840 342 1886 fons
363 1857 486 1903 aquae
502 1840 687 1886 salientis
706 1840 752 1885 in
766 1840 899 1886 vitam
920 1850 1124 1886 aeternam
1141 1841 1173 1887 3.
1185 1863 1204 1882 »
1226 1841 1340 1898 Quia
1358 1860 1458 1903 ergo
1475 1845 1574 1890 haec

203 1927 315 1974 aqua
332 1911 430 1957 viva
444 1947 456 1966 ,
482 1910 595 1955 sicut
614 1909 884 1969 Evangelista
906 1911 1127 1973 exposuit,
1160 1912 1347 1974 Spiritus
1372 1924 1433 1958 est
1448 1931 1577 1960 sanc-

202 1991 295 2037 tus,
321 1980 481 2044 procul
510 1980 647 2025 dubio
677 1980 866 2043 Spiritus
890 1981 1067 2026 Donum
1092 1981 1171 2026 Dei
1194 1992 1276 2037 est,
1306 1982 1359 2028 de
1383 2000 1469 2046 quo
1500 1985 1576 2030 hic

202 2051 418 2096 Dominus
441 2050 498 2095 ait
515 2067 525 2094 ε
551 2070 571 2091 c<
590 2050 634 2095 Si
650 2050 777 2095 scires
798 2051 975 2094 Donum
994 2050 1096 2106 Dei,
1124 2061 1165 2095 et
1180 2052 1276 2113 quis
1297 2062 1359 2097 est
1374 2053 1451 2115 qui
1468 2053 1576 2098 dicit

204 2142 226 2163 »
249 2120 361 2165 tibi:
386 2121 449 2165 Da
473 2120 584 2164 mihi
605 2120 781 2171 bibere,
820 2130 869 2165 tu
902 2119 1081 2164 forsitan
1115 2121 1305 2182 petiisses
1336 2121 1392 2166 ab
1424 2138 1497 2175 eo,
1534 2132 1576 2166 et

205 2212 226 2232 »
249 2189 434 2235 dedisset
453 2189 535 2234 tibi
559 2206 717 2252 aquam
735 2190 892 2236 vivam.
918 2210 939 2230 >2
965 2190 1076 2234 Nam
1094 2189 1212 2251 quod
1230 2190 1293 2234 ibi
1318 2190 1374 2234 ait
1395 2207 1406 2234 ε
1431 2212 1452 2232 «
1469 2190 1576 2236 Flu-

206 2281 227 2302 »
251 2260 368 2304 mina
382 2258 435 2304 de
448 2269 595 2305 ventre
612 2262 701 2318 ejus
727 2260 864 2304 fluent
895 2275 1020 2321 aquae
1046 2259 1187 2303 vivae:
1210 2280 1230 2299 2>
1249 2259 1336 2304 hoc
1354 2260 1436 2305 isto
1453 2260 1574 2317 loco,

208 2351 229 2372 «
257 2330 350 2375 Fiet
362 2330 407 2375 in
419 2345 487 2386 eo,
499 2329 659 2392 iuquit,
674 2329 769 2375 fons
785 2346 910 2392 aquae
923 2329 1109 2374 salientis
1121 2329 1166 2373 in
1179 2329 1310 2374 vitam
1325 2340 1545 2376 aeternam.
1557 2351 1578 2372 ι)

270 2399 474 2446 XXXIV.
508 2399 670 2445 Paulus
689 2415 863 2462 quoque
889 2397 1132 2460 apostolus,
1161 2419 1182 2440 «
1202 2398 1449 2462 Unicuique
1467 2436 1477 2454 ,
1504 2400 1579 2445 in-

207 2491 229 2512 »
253 2470 372 2533 quit,
399 2479 595 2515 nostrum
621 2468 749 2514 datur
764 2467 902 2528 gratia
918 2466 1156 2513 secundum
1175 2484 1422 2513 mensuram
1439 2468 1581 2515 dona-

258 2563 268 2584 ¹
287 2563 382 2594 Joan.
401 2572 458 2599 vn,
478 2562 532 2600 37,
548 2558 681 2595 38,-2
703 2571 714 2590 1
731 2561 806 2594 Cor.
823 2570 858 2604 x,
875 2564 952 2596 4.-
966 2556 981 2581 3
995 2561 1088 2594 Joau.
1102 2570 1146 2599 xv,
1171 2564 1285 2595 10-14.

347 2627 558 2660 cxxxvtn.
1411 2611 1440 2655 6
