<?xml version="1.0" encoding="UTF-8"?>
<!DOCTYPE html PUBLIC "-//W3C//DTD XHTML 1.0 Transitional//EN"
    "http://www.w3.org/TR/xhtml1/DTD/xhtml1-transitional.dtd">
<html xmlns="http://www.w3.org/1999/xhtml" xml:lang="en" lang="en">
 <head>
  <title>
</title>
<meta http-equiv="Content-Type" content="text/html;charset=utf-8" />
  <meta name='ocr-system' content='tesseract 3.04.00' />
  <meta name='ocr-capabilities' content='ocr_page ocr_carea ocr_par ocr_line ocrx_word'/>
</head>
<body>
  <div class='ocr_page' id='page_1' title='image "./operaomniaaccura31auguuoft_0209.png"; bbox 0 0 1894 3154; ppageno 0'>
   <div class='ocr_carea' id='block_1_1' title="bbox 0 699 64 3154">
    <p class='ocr_par' dir='ltr' id='par_1_1' title="bbox 0 699 64 3154">
     <span class='ocr_line' id='line_1_1' title="bbox 0 699 64 3154; baseline 0 0"><span class='ocrx_word' id='word_1_1' title='bbox 0 699 64 3154; x_wconf 95' lang='lat' dir='ltr'> </span> 
     </span>
    </p>
   </div>
   <div class='ocr_carea' id='block_1_2' title="bbox 294 285 1530 335">
    <p class='ocr_par' dir='ltr' id='par_1_2' title="bbox 294 270 1530 335">
     <span class='ocr_line' id='line_1_2' title="bbox 294 285 1530 335; baseline -0.003 -14"><span class='ocrx_word' id='word_1_2' title='bbox 294 288 469 320; x_wconf 81' lang='lat' dir='ltr'>CONTRA</span> <span class='ocrx_word' id='word_1_3' title='bbox 503 285 750 319; x_wconf 79' lang='lat' dir='ltr'><strong>EPISTOLAM</strong></span> <span class='ocrx_word' id='word_1_4' title='bbox 786 285 1085 326; x_wconf 74' lang='lat' dir='ltr'><strong>PARMENIAM,</strong></span> <span class='ocrx_word' id='word_1_5' title='bbox 1125 286 1213 316; x_wconf 89' lang='lat' dir='ltr'><strong>LIB.</strong></span> <span class='ocrx_word' id='word_1_6' title='bbox 1255 288 1324 318; x_wconf 85' lang='lat'>111.</span> <span class='ocrx_word' id='word_1_7' title='bbox 1442 288 1530 335; x_wconf 77' lang='grc'>199</span> 
     </span>
    </p>
   </div>
   <div class='ocr_carea' id='block_1_3' title="bbox 145 351 1545 2661">
    <p class='ocr_par' dir='ltr' id='par_1_3' title="bbox 145 351 1533 627">
     <span class='ocr_line' id='line_1_3' title="bbox 145 351 1533 417; baseline -0.001 -16"><span class='ocrx_word' id='word_1_8' title='bbox 145 357 316 402; x_wconf 81' lang='lat' dir='ltr'>beatur.</span> <span class='ocrx_word' id='word_1_9' title='bbox 342 354 425 400; x_wconf 87' lang='lat' dir='ltr'>Sed</span> <span class='ocrx_word' id='word_1_10' title='bbox 442 353 549 417; x_wconf 88' lang='lat' dir='ltr'>quid</span> <span class='ocrx_word' id='word_1_11' title='bbox 570 351 678 397; x_wconf 91' lang='lat' dir='ltr'>illud</span> <span class='ocrx_word' id='word_1_12' title='bbox 695 369 783 414; x_wconf 90' lang='lat' dir='ltr'>quo</span> <span class='ocrx_word' id='word_1_13' title='bbox 806 352 1043 397; x_wconf 78' lang='lat' dir='ltr'>conclusit</span> <span class='ocrx_word' id='word_1_14' title='bbox 1033 362 1155 397; x_wconf 79' lang='lat' dir='ltr'>istam</span> <span class='ocrx_word' id='word_1_15' title='bbox 1172 353 1446 409; x_wconf 82' lang='lat' dir='ltr'><strong>sententiam,</strong></span> <span class='ocrx_word' id='word_1_16' title='bbox 1474 354 1533 399; x_wconf 90' lang='lat' dir='ltr'>Ut</span> 
     </span>
     <span class='ocr_line' id='line_1_4' title="bbox 147 421 1524 501; baseline -0.001 -30"><span class='ocrx_word' id='word_1_17' title='bbox 147 443 236 471; x_wconf 91' lang='lat' dir='ltr'>non</span> <span class='ocrx_word' id='word_1_18' title='bbox 253 424 434 491; x_wconf 78' lang='lat' dir='ltr'>posside</span> <span class='ocrx_word' id='word_1_19' title='bbox 428 441 551 482; x_wconf 71' lang='lat' dir='ltr'>[mur</span> <span class='ocrx_word' id='word_1_20' title='bbox 569 442 591 468; x_wconf 91' lang='lat' dir='ltr'>a</span> <span class='ocrx_word' id='word_1_21' title='bbox 610 423 798 467; x_wconf 64' lang='lat' dir='ltr'>Satana?</span> <span class='ocrx_word' id='word_1_22' title='bbox 822 423 918 467; x_wconf 74' lang='lat' dir='ltr'>Non</span> <span class='ocrx_word' id='word_1_23' title='bbox 939 423 1072 478; x_wconf 83' lang='lat' dir='ltr'>enim,</span> <span class='ocrx_word' id='word_1_24' title='bbox 1092 421 1254 485; x_wconf 77' lang='lat' dir='ltr'>inquit,</span> <span class='ocrx_word' id='word_1_25' title='bbox 1274 422 1524 501; x_wconf 84' lang='lat' dir='ltr'>ignoramus</span> 
     </span>
     <span class='ocr_line' id='line_1_5' title="bbox 150 492 1527 557; baseline -0.001 -16"><span class='ocrx_word' id='word_1_26' title='bbox 150 507 312 541; x_wconf 80' lang='lat' dir='ltr'>mentes</span> <span class='ocrx_word' id='word_1_27' title='bbox 332 499 437 555; x_wconf 87' lang='lat' dir='ltr'>ejus.</span> <span class='ocrx_word' id='word_1_28' title='bbox 469 495 566 557; x_wconf 86' lang='lat' dir='ltr'>lpse</span> <span class='ocrx_word' id='word_1_29' title='bbox 589 504 650 539; x_wconf 85' lang='lat' dir='ltr'>est</span> <span class='ocrx_word' id='word_1_30' title='bbox 670 493 782 538; x_wconf 90' lang='lat' dir='ltr'>enim</span> <span class='ocrx_word' id='word_1_31' title='bbox 805 493 878 556; x_wconf 87' lang='lat' dir='ltr'>qui</span> <span class='ocrx_word' id='word_1_32' title='bbox 900 510 978 556; x_wconf 84' lang='lat' dir='ltr'>per</span> <span class='ocrx_word' id='word_1_33' title='bbox 999 492 1230 552; x_wconf 81' lang='lat' dir='ltr'>imaginem</span> <span class='ocrx_word' id='word_1_34' title='bbox 1248 493 1372 557; x_wconf 87' lang='lat' dir='ltr'>quasi</span> <span class='ocrx_word' id='word_1_35' title='bbox 1393 497 1527 553; x_wconf 82' lang='lat' dir='ltr'>J&#39;ustae</span> 
     </span>
     <span class='ocr_line' id='line_1_6' title="bbox 150 562 1529 627; baseline -0.002 -16"><span class='ocrx_word' id='word_1_36' title='bbox 150 565 384 611; x_wconf 83' lang='lat' dir='ltr'>seve1itatis</span> <span class='ocrx_word' id='word_1_37' title='bbox 405 563 624 610; x_wconf 82' lang='lat' dir='ltr'>crudelem</span> <span class='ocrx_word' id='word_1_38' title='bbox 665 563 872 608; x_wconf 66' lang='lat' dir='ltr'>saexitiam</span> <span class='ocrx_word' id='word_1_39' title='bbox 898 562 1150 625; x_wconf 81' lang='lat' dir='ltr'>persuadet,</span> <span class='ocrx_word' id='word_1_40' title='bbox 1177 562 1290 609; x_wconf 88' lang='lat' dir='ltr'>nihil</span> <span class='ocrx_word' id='word_1_41' title='bbox 1309 562 1431 609; x_wconf 89' lang='lat' dir='ltr'>aliud</span> <span class='ocrx_word' id='word_1_42' title='bbox 1453 581 1529 627; x_wconf 86' lang='lat' dir='ltr'>ap-</span> 
     </span>
    </p>

    <p class='ocr_par' dir='ltr' id='par_1_4' title="bbox 147 628 1536 969">
     <span class='ocr_line' id='line_1_7' title="bbox 147 628 1530 699; baseline -0.001 -19"><span class='ocrx_word' id='word_1_43' title='bbox 147 645 296 699; x_wconf 80' lang='lat' dir='ltr'>petens</span> <span class='ocrx_word' id='word_1_44' title='bbox 315 635 642 681; x_wconf 82' lang='lat' dir='ltr'>venenosissima</span> <span class='ocrx_word' id='word_1_45' title='bbox 666 635 849 680; x_wconf 86' lang='lat' dir='ltr'>versutia</span> <span class='ocrx_word' id='word_1_46' title='bbox 873 650 969 689; x_wconf 83' lang='lat' dir='ltr'>sua,</span> <span class='ocrx_word' id='word_1_47' title='bbox 1006 633 1088 679; x_wconf 91' lang='lat' dir='ltr'>nisi</span> <span class='ocrx_word' id='word_1_48' title='bbox 1116 644 1164 679; x_wconf 89' lang='lat' dir='ltr'>ut</span> <span class='ocrx_word' id='word_1_49' title='bbox 1183 643 1438 697; x_wconf 89' lang='lat' dir='ltr'>corrumpat</span> <span class='ocrx_word' id='word_1_50' title='bbox 1459 628 1530 679; x_wconf 86' lang='lat' dir='ltr'>at·-</span> 
     </span>
     <span class='ocr_line' id='line_1_8' title="bbox 150 702 1531 772; baseline -0.001 -21"><span class='ocrx_word' id='word_1_51' title='bbox 150 722 234 769; x_wconf 89' lang='lat' dir='ltr'>que</span> <span class='ocrx_word' id='word_1_52' title='bbox 257 705 502 768; x_wconf 88' lang='lat' dir='ltr'>disrumpat</span> <span class='ocrx_word' id='word_1_53' title='bbox 519 705 742 750; x_wconf 71' lang='lat' dir='ltr'>vinculum</span> <span class='ocrx_word' id='word_1_54' title='bbox 770 704 890 768; x_wconf 86' lang='lat' dir='ltr'>pacis</span> <span class='ocrx_word' id='word_1_55' title='bbox 914 715 954 750; x_wconf 92' lang='lat' dir='ltr'>et</span> <span class='ocrx_word' id='word_1_56' title='bbox 978 703 1221 760; x_wconf 82' lang='lat' dir='ltr'>charitatis,</span> <span class='ocrx_word' id='word_1_57' title='bbox 1250 720 1337 767; x_wconf 90' lang='lat' dir='ltr'>quo</span> <span class='ocrx_word' id='word_1_58' title='bbox 1351 702 1531 772; x_wconf 52' lang='lat' dir='ltr'>eonsen-</span> 
     </span>
     <span class='ocr_line' id='line_1_9' title="bbox 148 773 1532 837; baseline 0 -17"><span class='ocrx_word' id='word_1_59' title='bbox 148 785 249 821; x_wconf 81' lang='lat' dir='ltr'>vato</span> <span class='ocrx_word' id='word_1_60' title='bbox 272 775 384 821; x_wconf 87' lang='lat' dir='ltr'>inter</span> <span class='ocrx_word' id='word_1_61' title='bbox 399 775 683 831; x_wconf 70' lang='lat' dir='ltr'>Christianos,</span> <span class='ocrx_word' id='word_1_62' title='bbox 700 775 810 820; x_wconf 85' lang='lat' dir='ltr'>vires</span> <span class='ocrx_word' id='word_1_63' title='bbox 830 779 920 834; x_wconf 82' lang='lat' dir='ltr'>ejus</span> <span class='ocrx_word' id='word_1_64' title='bbox 940 792 1086 820; x_wconf 91' lang='lat' dir='ltr'>omnes</span> <span class='ocrx_word' id='word_1_65' title='bbox 1109 773 1314 820; x_wconf 79' lang='lat' dir='ltr'>invalidae</span> <span class='ocrx_word' id='word_1_66' title='bbox 1338 775 1450 837; x_wconf 85' lang='lat' dir='ltr'>fiunt</span> <span class='ocrx_word' id='word_1_67' title='bbox 1476 774 1532 821; x_wconf 85' lang='lat' dir='ltr'>ad</span> 
     </span>
     <span class='ocr_line' id='line_1_10' title="bbox 150 844 1536 909; baseline 0.001 -19"><span class='ocrx_word' id='word_1_68' title='bbox 150 846 422 902; x_wconf 82' lang='lat' dir='ltr'>nocendum,</span> <span class='ocrx_word' id='word_1_69' title='bbox 463 857 503 890; x_wconf 87' lang='lat' dir='ltr'>et</span> <span class='ocrx_word' id='word_1_70' title='bbox 524 844 782 909; x_wconf 71' lang='lat' dir='ltr'>muscipulae</span> <span class='ocrx_word' id='word_1_71' title='bbox 810 845 1068 891; x_wconf 85' lang='lat' dir='ltr'>insidiarum</span> <span class='ocrx_word' id='word_1_72' title='bbox 1094 844 1473 902; x_wconf 75' lang='lat' dir='ltr'>communiuntur,</span> <span class='ocrx_word' id='word_1_73' title='bbox 1493 855 1536 892; x_wconf 86' lang='lat' dir='ltr'>et</span> 
     </span>
     <span class='ocr_line' id='line_1_11' title="bbox 158 915 1448 969; baseline 0.001 -9"><span class='ocrx_word' id='word_1_74' title='bbox 158 915 342 961; x_wconf 84' lang='lat' dir='ltr'>consilia</span> <span class='ocrx_word' id='word_1_75' title='bbox 358 916 584 961; x_wconf 75' lang='lat' dir='ltr'>eversionis</span> <span class='ocrx_word' id='word_1_76' title='bbox 606 927 879 962; x_wconf 77' lang='lat' dir='ltr'>evanescunt.</span> <span class='ocrx_word' id='word_1_77' title='bbox 932 964 938 969; x_wconf 30' lang='lat' dir='ltr'><strong><em>s</em></strong></span> <span class='ocrx_word' id='word_1_78' title='bbox 1443 964 1448 969; x_wconf 54' lang='grc'>,</span> 
     </span>
    </p>

    <p class='ocr_par' dir='ltr' id='par_1_5' title="bbox 152 983 1543 2226">
     <span class='ocr_line' id='line_1_12' title="bbox 217 983 1536 1044; baseline 0.002 -15"><span class='ocrx_word' id='word_1_79' title='bbox 217 985 290 1031; x_wconf 87' lang='lat' dir='ltr'>IV.</span> <span class='ocrx_word' id='word_1_80' title='bbox 327 985 410 1030; x_wconf 87' lang='lat' dir='ltr'>Sed</span> <span class='ocrx_word' id='word_1_81' title='bbox 435 985 512 1030; x_wconf 89' lang='lat' dir='ltr'>etsi</span> <span class='ocrx_word' id='word_1_82' title='bbox 541 985 593 1030; x_wconf 90' lang='lat' dir='ltr'>de</span> <span class='ocrx_word' id='word_1_83' title='bbox 623 985 768 1044; x_wconf 82' lang='lat' dir='ltr'>aliquo</span> <span class='ocrx_word' id='word_1_84' title='bbox 793 985 876 1030; x_wconf 90' lang='lat' dir='ltr'>alio</span> <span class='ocrx_word' id='word_1_85' title='bbox 901 985 947 1030; x_wconf 89' lang='lat' dir='ltr'>in</span> <span class='ocrx_word' id='word_1_86' title='bbox 978 984 1169 1031; x_wconf 90' lang='lat' dir='ltr'>secunda</span> <span class='ocrx_word' id='word_1_87' title='bbox 1199 983 1255 1030; x_wconf 88' lang='lat' dir='ltr'>ad</span> <span class='ocrx_word' id='word_1_88' title='bbox 1282 984 1536 1031; x_wconf 86' lang='lat' dir='ltr'>Corinthios</span> 
     </span>
     <span class='ocr_line' id='line_1_13' title="bbox 152 1045 1535 1118; baseline 0.001 -20"><span class='ocrx_word' id='word_1_89' title='bbox 152 1053 346 1118; x_wconf 80' lang='lat' dir='ltr'>Epistola</span> <span class='ocrx_word' id='word_1_90' title='bbox 369 1054 541 1099; x_wconf 88' lang='lat' dir='ltr'>locutus</span> <span class='ocrx_word' id='word_1_91' title='bbox 567 1065 630 1099; x_wconf 89' lang='lat' dir='ltr'>est</span> <span class='ocrx_word' id='word_1_92' title='bbox 660 1045 890 1117; x_wconf 75' lang='lat' dir='ltr'>Apostolus</span> <span class='ocrx_word' id='word_1_93' title='bbox 907 1092 918 1111; x_wconf 83' lang='lat'>‚</span> <span class='ocrx_word' id='word_1_94' title='bbox 946 1065 987 1100; x_wconf 89' lang='lat' dir='ltr'>et</span> <span class='ocrx_word' id='word_1_95' title='bbox 1011 1055 1075 1100; x_wconf 88' lang='lat' dir='ltr'>ibi</span> <span class='ocrx_word' id='word_1_96' title='bbox 1106 1065 1250 1100; x_wconf 88' lang='lat' dir='ltr'>tamen</span> <span class='ocrx_word' id='word_1_97' title='bbox 1274 1054 1535 1114; x_wconf 88' lang='lat' dir='ltr'>significavit</span> 
     </span>
     <span class='ocr_line' id='line_1_14' title="bbox 153 1124 1534 1188; baseline 0.001 -19"><span class='ocrx_word' id='word_1_98' title='bbox 153 1135 317 1187; x_wconf 86' lang='lat' dir='ltr'>quanta</span> <span class='ocrx_word' id='word_1_99' title='bbox 343 1125 554 1170; x_wconf 76' lang='lat' dir='ltr'>charitate</span> <span class='ocrx_word' id='word_1_100' title='bbox 586 1125 630 1169; x_wconf 90' lang='lat' dir='ltr'>in</span> <span class='ocrx_word' id='word_1_101' title='bbox 664 1142 879 1188; x_wconf 82' lang='lat' dir='ltr'>quemque</span> <span class='ocrx_word' id='word_1_102' title='bbox 913 1124 1071 1182; x_wconf 86' lang='lat' dir='ltr'>debeat</span> <span class='ocrx_word' id='word_1_103' title='bbox 1098 1124 1534 1171; x_wconf 69' lang='lat' dir='ltr'>Ecclesiasticavin-</span> 
     </span>
     <span class='ocr_line' id='line_1_15' title="bbox 154 1190 1536 1258; baseline 0.001 -18"><span class='ocrx_word' id='word_1_104' title='bbox 154 1195 270 1240; x_wconf 89' lang='lat' dir='ltr'>dicta</span> <span class='ocrx_word' id='word_1_105' title='bbox 290 1195 540 1258; x_wconf 86' lang='lat' dir='ltr'>procedere.</span> <span class='ocrx_word' id='word_1_106' title='bbox 575 1195 671 1240; x_wconf 87' lang='lat' dir='ltr'>Hoc</span> <span class='ocrx_word' id='word_1_107' title='bbox 695 1206 756 1240; x_wconf 90' lang='lat' dir='ltr'>est</span> <span class='ocrx_word' id='word_1_108' title='bbox 776 1195 886 1240; x_wconf 85' lang='lat' dir='ltr'>illud</span> <span class='ocrx_word' id='word_1_109' title='bbox 909 1194 1028 1258; x_wconf 88' lang='lat' dir='ltr'>quod</span> <span class='ocrx_word' id='word_1_110' title='bbox 1054 1195 1124 1240; x_wconf 86' lang='lat' dir='ltr'>isti</span> <span class='ocrx_word' id='word_1_111' title='bbox 1144 1212 1232 1240; x_wconf 90' lang='lat' dir='ltr'>non</span> <span class='ocrx_word' id='word_1_112' title='bbox 1255 1190 1536 1256; x_wconf 75' lang='lat' dir='ltr'>intelligentes</span> 
     </span>
     <span class='ocr_line' id='line_1_16' title="bbox 152 1264 1534 1328; baseline 0.001 -19"><span class='ocrx_word' id='word_1_113' title='bbox 152 1264 265 1310; x_wconf 88' lang='lat' dir='ltr'>inter</span> <span class='ocrx_word' id='word_1_114' title='bbox 281 1264 517 1309; x_wconf 84' lang='lat' dir='ltr'>calumnias</span> <span class='ocrx_word' id='word_1_115' title='bbox 540 1282 635 1309; x_wconf 82' lang='lat' dir='ltr'>suas</span> <span class='ocrx_word' id='word_1_116' title='bbox 650 1265 787 1310; x_wconf 90' lang='lat' dir='ltr'>solent</span> <span class='ocrx_word' id='word_1_117' title='bbox 808 1265 970 1310; x_wconf 84' lang='lat' dir='ltr'>habere</span> <span class='ocrx_word' id='word_1_118' title='bbox 992 1267 1272 1328; x_wconf 61' lang='lat' dir='ltr'>praecipuum</span> <span class='ocrx_word' id='word_1_119' title='bbox 1301 1283 1311 1310; x_wconf 72' lang='grc' dir='ltr'>ε</span> <span class='ocrx_word' id='word_1_120' title='bbox 1332 1286 1352 1306; x_wconf 89' lang='grc'>«</span> <span class='ocrx_word' id='word_1_121' title='bbox 1375 1266 1534 1311; x_wconf 87' lang='lat' dir='ltr'>Emen-</span> 
     </span>
     <span class='ocr_line' id='line_1_17' title="bbox 156 1331 1535 1395; baseline 0.001 -17"><span class='ocrx_word' id='word_1_122' title='bbox 156 1355 178 1376; x_wconf 83' lang='lat'>»</span> <span class='ocrx_word' id='word_1_123' title='bbox 196 1334 321 1380; x_wconf 85' lang='lat' dir='ltr'>dabit</span> <span class='ocrx_word' id='word_1_124' title='bbox 343 1352 410 1379; x_wconf 87' lang='lat' dir='ltr'>me</span> <span class='ocrx_word' id='word_1_125' title='bbox 428 1338 573 1394; x_wconf 81' lang='lat' dir='ltr'>justus</span> <span class='ocrx_word' id='word_1_126' title='bbox 599 1335 642 1380; x_wconf 91' lang='lat' dir='ltr'>in</span> <span class='ocrx_word' id='word_1_127' title='bbox 670 1335 994 1391; x_wconf 74' lang='lat' dir='ltr'>misericordia,</span> <span class='ocrx_word' id='word_1_128' title='bbox 1023 1346 1064 1380; x_wconf 88' lang='lat' dir='ltr'>et</span> <span class='ocrx_word' id='word_1_129' title='bbox 1087 1345 1236 1395; x_wconf 79' lang='lat' dir='ltr'>arguet</span> <span class='ocrx_word' id='word_1_130' title='bbox 1260 1351 1354 1389; x_wconf 84' lang='lat' dir='ltr'>me3</span> <span class='ocrx_word' id='word_1_131' title='bbox 1393 1331 1535 1389; x_wconf 74' lang='lat' dir='ltr'>oleum</span> 
     </span>
     <span class='ocr_line' id='line_1_18' title="bbox 156 1404 1536 1469; baseline 0.004 -21"><span class='ocrx_word' id='word_1_132' title='bbox 156 1426 177 1447; x_wconf 86' lang='lat'>»</span> <span class='ocrx_word' id='word_1_133' title='bbox 199 1415 341 1450; x_wconf 89' lang='lat' dir='ltr'>autem</span> <span class='ocrx_word' id='word_1_134' title='bbox 365 1405 605 1468; x_wconf 89' lang='lat' dir='ltr'>peccatoris</span> <span class='ocrx_word' id='word_1_135' title='bbox 629 1422 716 1451; x_wconf 89' lang='lat' dir='ltr'>non</span> <span class='ocrx_word' id='word_1_136' title='bbox 734 1406 978 1469; x_wconf 88' lang='lat' dir='ltr'>impinguet</span> <span class='ocrx_word' id='word_1_137' title='bbox 1002 1408 1137 1469; x_wconf 80' lang='lat' dir='ltr'>caput</span> <span class='ocrx_word' id='word_1_138' title='bbox 1161 1404 1349 1452; x_wconf 71' lang='lat' dir='ltr'>meum‘1.</span> <span class='ocrx_word' id='word_1_139' title='bbox 1376 1406 1536 1469; x_wconf 66' lang='lat' dir='ltr'>»Quia</span> 
     </span>
     <span class='ocr_line' id='line_1_19' title="bbox 155 1470 1537 1540; baseline 0.001 -18"><span class='ocrx_word' id='word_1_140' title='bbox 155 1492 255 1522; x_wconf 84' lang='lat' dir='ltr'>vero</span> <span class='ocrx_word' id='word_1_141' title='bbox 279 1476 349 1521; x_wconf 90' lang='lat' dir='ltr'>isti</span> <span class='ocrx_word' id='word_1_142' title='bbox 370 1494 456 1521; x_wconf 87' lang='lat' dir='ltr'>non</span> <span class='ocrx_word' id='word_1_143' title='bbox 478 1476 524 1521; x_wconf 91' lang='lat' dir='ltr'>in</span> <span class='ocrx_word' id='word_1_144' title='bbox 543 1477 835 1522; x_wconf 84' lang='lat' dir='ltr'>misericordia</span> <span class='ocrx_word' id='word_1_145' title='bbox 858 1477 1086 1523; x_wconf 81' lang='lat' dir='ltr'>emendare</span> <span class='ocrx_word' id='word_1_146' title='bbox 1110 1487 1352 1532; x_wconf 77' lang='lat' dir='ltr'>noverunt3</span> <span class='ocrx_word' id='word_1_147' title='bbox 1375 1474 1417 1540; x_wconf 84' lang='lat' dir='ltr'>et</span> <span class='ocrx_word' id='word_1_148' title='bbox 1441 1470 1537 1524; x_wconf 73' lang='lat' dir='ltr'>(3oe-</span> 
     </span>
     <span class='ocr_line' id='line_1_20' title="bbox 157 1545 1538 1613; baseline 0.003 -23"><span class='ocrx_word' id='word_1_149' title='bbox 157 1545 301 1591; x_wconf 88' lang='lat' dir='ltr'>ciliani</span> <span class='ocrx_word' id='word_1_150' title='bbox 323 1547 615 1591; x_wconf 87' lang='lat' dir='ltr'>innocentiam</span> <span class='ocrx_word' id='word_1_151' title='bbox 643 1548 765 1592; x_wconf 69' lang='lat' dir='ltr'>saevis</span> <span class='ocrx_word' id='word_1_152' title='bbox 790 1547 1113 1611; x_wconf 87' lang='lat' dir='ltr'>suspicionibus</span> <span class='ocrx_word' id='word_1_153' title='bbox 1137 1547 1333 1593; x_wconf 83' lang='lat' dir='ltr'>insectati</span> <span class='ocrx_word' id='word_1_154' title='bbox 1351 1558 1473 1613; x_wconf 86' lang='lat' dir='ltr'>sunt,</span> <span class='ocrx_word' id='word_1_155' title='bbox 1496 1560 1538 1594; x_wconf 89' lang='lat' dir='ltr'>et</span> 
     </span>
     <span class='ocr_line' id='line_1_21' title="bbox 160 1617 1539 1681; baseline 0.003 -20"><span class='ocrx_word' id='word_1_156' title='bbox 160 1617 316 1680; x_wconf 87' lang='lat' dir='ltr'>Optati</span> <span class='ocrx_word' id='word_1_157' title='bbox 362 1617 614 1662; x_wconf 84' lang='lat' dir='ltr'>Gildoniani</span> <span class='ocrx_word' id='word_1_158' title='bbox 658 1619 897 1681; x_wconf 88' lang='lat' dir='ltr'>potentiam</span> <span class='ocrx_word' id='word_1_159' title='bbox 938 1618 1102 1664; x_wconf 85' lang='lat' dir='ltr'>fallacis</span> <span class='ocrx_word' id='word_1_160' title='bbox 1144 1618 1237 1663; x_wconf 88' lang='lat' dir='ltr'>oleo</span> <span class='ocrx_word' id='word_1_161' title='bbox 1278 1617 1539 1665; x_wconf 88' lang='lat' dir='ltr'>adulationis</span> 
     </span>
     <span class='ocr_line' id='line_1_22' title="bbox 158 1687 1537 1752; baseline 0.003 -21"><span class='ocrx_word' id='word_1_162' title='bbox 158 1696 386 1732; x_wconf 79' lang='lat' dir='ltr'>unxerunt.</span> <span class='ocrx_word' id='word_1_163' title='bbox 428 1688 539 1732; x_wconf 58' lang='lat' dir='ltr'>Nam</span> <span class='ocrx_word' id='word_1_164' title='bbox 566 1688 598 1733; x_wconf 90' lang='lat' dir='ltr'>si</span> <span class='ocrx_word' id='word_1_165' title='bbox 634 1699 815 1751; x_wconf 84' lang='lat' dir='ltr'>propter</span> <span class='ocrx_word' id='word_1_166' title='bbox 847 1687 1074 1734; x_wconf 78' lang='lat' dir='ltr'>vinculum</span> <span class='ocrx_word' id='word_1_167' title='bbox 1109 1687 1230 1751; x_wconf 85' lang='lat' dir='ltr'>pacis</span> <span class='ocrx_word' id='word_1_168' title='bbox 1262 1688 1537 1752; x_wconf 86' lang='lat' dir='ltr'>iniquitatem</span> 
     </span>
     <span class='ocr_line' id='line_1_23' title="bbox 161 1757 1539 1823; baseline 0.004 -22"><span class='ocrx_word' id='word_1_169' title='bbox 161 1757 315 1820; x_wconf 85' lang='lat' dir='ltr'>Optati</span> <span class='ocrx_word' id='word_1_170' title='bbox 334 1768 545 1817; x_wconf 79' lang='lat' dir='ltr'>gementes</span> <span class='ocrx_word' id='word_1_171' title='bbox 572 1758 851 1822; x_wconf 81' lang='lat' dir='ltr'>lugentesque</span> <span class='ocrx_word' id='word_1_172' title='bbox 882 1758 1138 1814; x_wconf 80' lang='lat' dir='ltr'>tolerarent,</span> <span class='ocrx_word' id='word_1_173' title='bbox 1167 1776 1255 1804; x_wconf 89' lang='lat' dir='ltr'>non</span> <span class='ocrx_word' id='word_1_174' title='bbox 1281 1759 1432 1822; x_wconf 90' lang='lat' dir='ltr'>utique</span> <span class='ocrx_word' id='word_1_175' title='bbox 1454 1777 1539 1823; x_wconf 87' lang='lat' dir='ltr'>pa-</span> 
     </span>
     <span class='ocr_line' id='line_1_24' title="bbox 160 1828 1536 1893; baseline 0.001 -19"><span class='ocrx_word' id='word_1_176' title='bbox 160 1845 253 1874; x_wconf 87' lang='lat' dir='ltr'>cem</span> <span class='ocrx_word' id='word_1_177' title='bbox 288 1828 569 1874; x_wconf 84' lang='lat' dir='ltr'>christianam</span> <span class='ocrx_word' id='word_1_178' title='bbox 607 1839 737 1893; x_wconf 84' lang='lat' dir='ltr'>atque</span> <span class='ocrx_word' id='word_1_179' title='bbox 766 1829 1030 1875; x_wconf 86' lang='lat' dir='ltr'>catholicam</span> <span class='ocrx_word' id='word_1_180' title='bbox 1072 1830 1116 1874; x_wconf 91' lang='lat' dir='ltr'>in</span> <span class='ocrx_word' id='word_1_181' title='bbox 1151 1829 1256 1874; x_wconf 89' lang='lat' dir='ltr'>orbe</span> <span class='ocrx_word' id='word_1_182' title='bbox 1292 1840 1536 1886; x_wconf 84' lang='lat' dir='ltr'>terrarum,</span> 
     </span>
     <span class='ocr_line' id='line_1_25' title="bbox 160 1899 1543 1963; baseline 0.003 -20"><span class='ocrx_word' id='word_1_183' title='bbox 160 1909 438 1962; x_wconf 86' lang='lat' dir='ltr'>sanctamque</span> <span class='ocrx_word' id='word_1_184' title='bbox 463 1899 670 1944; x_wconf 85' lang='lat' dir='ltr'>unitatem</span> <span class='ocrx_word' id='word_1_185' title='bbox 696 1899 1044 1962; x_wconf 82' lang='lat' dir='ltr'>disrumperent3</span> <span class='ocrx_word' id='word_1_186' title='bbox 1071 1899 1146 1945; x_wconf 84' lang='lat' dir='ltr'>aut</span> <span class='ocrx_word' id='word_1_187' title='bbox 1176 1910 1291 1945; x_wconf 90' lang='lat' dir='ltr'>certe</span> <span class='ocrx_word' id='word_1_188' title='bbox 1314 1918 1338 1960; x_wconf 76' lang='lat' dir='ltr'>a</span> <span class='ocrx_word' id='word_1_189' title='bbox 1361 1901 1543 1963; x_wconf 82' lang='lat' dir='ltr'>majori-</span> 
     </span>
     <span class='ocr_line' id='line_1_26' title="bbox 159 1969 1541 2034; baseline 0.001 -19"><span class='ocrx_word' id='word_1_190' title='bbox 159 1970 242 2015; x_wconf 87' lang='lat' dir='ltr'>bus</span> <span class='ocrx_word' id='word_1_191' title='bbox 265 1969 350 2014; x_wconf 89' lang='lat' dir='ltr'>suis</span> <span class='ocrx_word' id='word_1_192' title='bbox 374 1969 536 2014; x_wconf 85' lang='lat' dir='ltr'>nefaria</span> <span class='ocrx_word' id='word_1_193' title='bbox 561 1970 758 2015; x_wconf 81' lang='lat' dir='ltr'>caecitate</span> <span class='ocrx_word' id='word_1_194' title='bbox 783 1970 1029 2034; x_wconf 85' lang='lat' dir='ltr'>disruptam</span> <span class='ocrx_word' id='word_1_195' title='bbox 1053 1972 1113 2015; x_wconf 87' lang='lat' dir='ltr'>ita</span> <span class='ocrx_word' id='word_1_196' title='bbox 1130 1969 1327 2015; x_wconf 88' lang='lat' dir='ltr'>dolerent</span> <span class='ocrx_word' id='word_1_197' title='bbox 1347 2008 1358 2027; x_wconf 91' lang='lat'>‚</span> <span class='ocrx_word' id='word_1_198' title='bbox 1421 1970 1541 2017; x_wconf 79' lang='lat' dir='ltr'>tsal-</span> 
     </span>
     <span class='ocr_line' id='line_1_27' title="bbox 160 1988 1542 2103; baseline 0.001 -20"><span class='ocrx_word' id='word_1_199' title='bbox 160 2050 249 2084; x_wconf 87' lang='lat' dir='ltr'>tem</span> <span class='ocrx_word' id='word_1_200' title='bbox 270 2038 389 2102; x_wconf 85' lang='lat' dir='ltr'>apud</span> <span class='ocrx_word' id='word_1_201' title='bbox 409 2056 450 2084; x_wconf 88' lang='lat' dir='ltr'>se</span> <span class='ocrx_word' id='word_1_202' title='bbox 473 2041 635 2102; x_wconf 84' lang='lat' dir='ltr'>experti</span> <span class='ocrx_word' id='word_1_203' title='bbox 654 2057 787 2103; x_wconf 84' lang='lat' dir='ltr'>quam</span> <span class='ocrx_word' id='word_1_204' title='bbox 807 2040 966 2085; x_wconf 86' lang='lat' dir='ltr'>multos</span> <span class='ocrx_word' id='word_1_205' title='bbox 992 2039 1125 2085; x_wconf 87' lang='lat' dir='ltr'>malos</span> <span class='ocrx_word' id='word_1_206' title='bbox 1150 2057 1233 2103; x_wconf 86' lang='lat' dir='ltr'>pro</span> <span class='ocrx_word' id='word_1_207' title='bbox 1253 2040 1363 2103; x_wconf 86' lang='lat' dir='ltr'>pace</span> <span class='ocrx_word' id='word_1_208' title='bbox 1381 1988 1542 2086; x_wconf 55' lang='lat' dir='ltr'>llonati</span> 
     </span>
     <span class='ocr_line' id='line_1_28' title="bbox 160 2107 1543 2173; baseline 0.002 -20"><span class='ocrx_word' id='word_1_209' title='bbox 160 2107 269 2154; x_wconf 85' lang='lat' dir='ltr'>ferre</span> <span class='ocrx_word' id='word_1_210' title='bbox 292 2120 526 2169; x_wconf 84' lang='lat' dir='ltr'>cogantur,</span> <span class='ocrx_word' id='word_1_211' title='bbox 560 2110 800 2173; x_wconf 77' lang='lat' dir='ltr'>impacatas</span> <span class='ocrx_word' id='word_1_212' title='bbox 834 2110 1010 2156; x_wconf 88' lang='lat' dir='ltr'>illorum</span> <span class='ocrx_word' id='word_1_213' title='bbox 1044 2109 1284 2155; x_wconf 85' lang='lat' dir='ltr'>calumnias</span> <span class='ocrx_word' id='word_1_214' title='bbox 1318 2127 1427 2173; x_wconf 89' lang='lat' dir='ltr'>pace</span> <span class='ocrx_word' id='word_1_215' title='bbox 1454 2126 1543 2156; x_wconf 87' lang='lat' dir='ltr'>suae</span> 
     </span>
     <span class='ocr_line' id='line_1_29' title="bbox 163 2179 772 2240; baseline 0.002 -15"><span class='ocrx_word' id='word_1_216' title='bbox 163 2179 440 2225; x_wconf 85' lang='lat' dir='ltr'>correctionis</span> <span class='ocrx_word' id='word_1_217' title='bbox 463 2180 605 2240; x_wconf 75' lang='lat' dir='ltr'>exting</span> <span class='ocrx_word' id='word_1_218' title='bbox 612 2191 772 2228; x_wconf 83' lang='lat' dir='ltr'>nerent.</span> 
     </span>
    </p>

    <p class='ocr_par' dir='ltr' id='par_1_6' title="bbox 163 2244 1545 2592">
     <span class='ocr_line' id='line_1_30' title="bbox 228 2244 1543 2315; baseline 0.001 -21"><span class='ocrx_word' id='word_1_219' title='bbox 228 2249 280 2295; x_wconf 88' lang='lat' dir='ltr'>V.</span> <span class='ocrx_word' id='word_1_220' title='bbox 312 2248 397 2294; x_wconf 86' lang='lat' dir='ltr'>Sed</span> <span class='ocrx_word' id='word_1_221' title='bbox 419 2260 460 2295; x_wconf 89' lang='lat' dir='ltr'>et</span> <span class='ocrx_word' id='word_1_222' title='bbox 477 2250 531 2295; x_wconf 82' lang='lat' dir='ltr'>1d</span> <span class='ocrx_word' id='word_1_223' title='bbox 555 2250 670 2296; x_wconf 88' lang='lat' dir='ltr'>illius</span> <span class='ocrx_word' id='word_1_224' title='bbox 694 2252 878 2314; x_wconf 77' lang='lat' dir='ltr'>primae</span> <span class='ocrx_word' id='word_1_225' title='bbox 868 2250 922 2295; x_wconf 90' lang='lat' dir='ltr'>ad</span> <span class='ocrx_word' id='word_1_226' title='bbox 945 2249 1198 2295; x_wconf 87' lang='lat' dir='ltr'>Corinthios</span> <span class='ocrx_word' id='word_1_227' title='bbox 1215 2228 1424 2323; x_wconf 81' lang='lat' dir='ltr'>Epistolae</span> <span class='ocrx_word' id='word_1_228' title='bbox 1443 2267 1543 2296; x_wconf 90' lang='lat' dir='ltr'>con-</span> 
     </span>
     <span class='ocr_line' id='line_1_31' title="bbox 163 2313 1544 2383; baseline 0.001 -19"><span class='ocrx_word' id='word_1_229' title='bbox 163 2319 384 2383; x_wconf 83' lang='lat' dir='ltr'>sequentia</span> <span class='ocrx_word' id='word_1_230' title='bbox 403 2320 639 2367; x_wconf 82' lang='lat' dir='ltr'>1.edeunus</span> <span class='ocrx_word' id='word_1_231' title='bbox 672 2324 784 2366; x_wconf 78' lang='lat' dir='ltr'>Cum</span> <span class='ocrx_word' id='word_1_232' title='bbox 809 2321 979 2365; x_wconf 82' lang='lat' dir='ltr'>dixisset</span> <span class='ocrx_word' id='word_1_233' title='bbox 1014 2318 1279 2383; x_wconf 87' lang='lat' dir='ltr'>Apostolus:</span> <span class='ocrx_word' id='word_1_234' title='bbox 1316 2313 1544 2382; x_wconf 78' lang='lat' dir='ltr'>«Tradere</span> 
     </span>
     <span class='ocr_line' id='line_1_32' title="bbox 165 2383 1543 2454; baseline 0.001 -18"><span class='ocrx_word' id='word_1_235' title='bbox 165 2411 185 2432; x_wconf 85' lang='lat'>»</span> <span class='ocrx_word' id='word_1_236' title='bbox 202 2391 458 2451; x_wconf 86' lang='lat' dir='ltr'>hujusmodi</span> <span class='ocrx_word' id='word_1_237' title='bbox 475 2393 644 2437; x_wconf 64' lang='lat' dir='ltr'>Satanae</span> <span class='ocrx_word' id='word_1_238' title='bbox 669 2393 714 2438; x_wconf 91' lang='lat' dir='ltr'>in</span> <span class='ocrx_word' id='word_1_239' title='bbox 738 2393 959 2450; x_wconf 82' lang='lat' dir='ltr'>lnteritum</span> <span class='ocrx_word' id='word_1_240' title='bbox 985 2391 1149 2445; x_wconf 81' lang='lat' dir='ltr'>carnis,</span> <span class='ocrx_word' id='word_1_241' title='bbox 1180 2391 1229 2435; x_wconf 74' lang='lat' dir='ltr'>ut</span> <span class='ocrx_word' id='word_1_242' title='bbox 1256 2383 1433 2454; x_wconf 81' lang='lat' dir='ltr'>spiritus</span> <span class='ocrx_word' id='word_1_243' title='bbox 1454 2390 1543 2446; x_wconf 82' lang='lat' dir='ltr'>sal-</span> 
     </span>
     <span class='ocr_line' id='line_1_33' title="bbox 166 2455 1545 2525; baseline 0.003 -22"><span class='ocrx_word' id='word_1_244' title='bbox 166 2483 187 2504; x_wconf 86' lang='lat'>»</span> <span class='ocrx_word' id='word_1_245' title='bbox 204 2479 285 2508; x_wconf 83' lang='lat' dir='ltr'>vus</span> <span class='ocrx_word' id='word_1_246' title='bbox 301 2462 413 2507; x_wconf 90' lang='lat' dir='ltr'>sitin</span> <span class='ocrx_word' id='word_1_247' title='bbox 433 2462 502 2507; x_wconf 90' lang='lat' dir='ltr'>die</span> <span class='ocrx_word' id='word_1_248' title='bbox 519 2463 696 2507; x_wconf 87' lang='lat' dir='ltr'>Domini</span> <span class='ocrx_word' id='word_1_249' title='bbox 717 2463 845 2507; x_wconf 77' lang='lat' dir='ltr'>Jesu2</span> <span class='ocrx_word' id='word_1_250' title='bbox 870 2479 880 2506; x_wconf 73' lang='grc' dir='ltr'>ε</span> <span class='ocrx_word' id='word_1_251' title='bbox 910 2482 927 2503; x_wconf 15' lang='grc' dir='ltr'>γ)</span> <span class='ocrx_word' id='word_1_252' title='bbox 953 2461 1081 2507; x_wconf 88' lang='lat' dir='ltr'>etiam</span> <span class='ocrx_word' id='word_1_253' title='bbox 1109 2471 1237 2525; x_wconf 85' lang='lat' dir='ltr'>atque</span> <span class='ocrx_word' id='word_1_254' title='bbox 1269 2461 1397 2507; x_wconf 81' lang='lat' dir='ltr'>etiam</span> <span class='ocrx_word' id='word_1_255' title='bbox 1417 2455 1545 2507; x_wconf 84' lang='lat' dir='ltr'>com-</span> 
     </span>
     <span class='ocr_line' id='line_1_34' title="bbox 165 2528 1545 2592; baseline 0 -13"><span class='ocrx_word' id='word_1_256' title='bbox 165 2532 372 2579; x_wconf 87' lang='lat' dir='ltr'>mendans</span> <span class='ocrx_word' id='word_1_257' title='bbox 407 2533 653 2578; x_wconf 85' lang='lat' dir='ltr'>humilitate</span> <span class='ocrx_word' id='word_1_258' title='bbox 691 2533 934 2592; x_wconf 80' lang='lat' dir='ltr'>lugentium</span> <span class='ocrx_word' id='word_1_259' title='bbox 970 2532 1057 2579; x_wconf 89' lang='lat' dir='ltr'>hoc</span> <span class='ocrx_word' id='word_1_260' title='bbox 1097 2528 1262 2579; x_wconf 80' lang='lat' dir='ltr'>debere·</span> <span class='ocrx_word' id='word_1_261' title='bbox 1295 2532 1414 2590; x_wconf 81' lang='lat' dir='ltr'>fieri,</span> <span class='ocrx_word' id='word_1_262' title='bbox 1457 2531 1545 2580; x_wconf 87' lang='lat' dir='ltr'>non</span> 
     </span>
    </p>

    <p class='ocr_par' dir='ltr' id='par_1_7' title="bbox 214 2614 811 2661">
     <span class='ocr_line' id='line_1_35' title="bbox 214 2614 811 2661; baseline 0.002 -14"><span class='ocrx_word' id='word_1_263' title='bbox 214 2617 225 2640; x_wconf 81' lang='lat'><em>¹</em></span> <span class='ocrx_word' id='word_1_264' title='bbox 246 2614 326 2650; x_wconf 83' lang='lat' dir='ltr'>Psal.</span> <span class='ocrx_word' id='word_1_265' title='bbox 346 2627 417 2661; x_wconf 59' lang='lat' dir='ltr'>exn,</span> <span class='ocrx_word' id='word_1_266' title='bbox 440 2617 469 2649; x_wconf 80' lang='lat'>5.</span> <span class='ocrx_word' id='word_1_267' title='bbox 488 2635 530 2641; x_wconf 92' lang='lat'><strong>—</strong></span> <span class='ocrx_word' id='word_1_268' title='bbox 550 2615 564 2639; x_wconf 83' lang='lat'><strong>2</strong></span> <span class='ocrx_word' id='word_1_269' title='bbox 588 2628 599 2647; x_wconf 88' lang='lat'>1</span> <span class='ocrx_word' id='word_1_270' title='bbox 622 2617 696 2651; x_wconf 83' lang='lat' dir='ltr'>Cor.</span> <span class='ocrx_word' id='word_1_271' title='bbox 720 2628 753 2661; x_wconf 86' lang='lat' dir='ltr'>v,</span> <span class='ocrx_word' id='word_1_272' title='bbox 779 2617 811 2651; x_wconf 90' lang='lat'>5.</span> 
     </span>
    </p>
   </div>
  </div>
 </body>
</html>
