1894 3154
289 278 347 323 32
709 290 746 321 s.
789 285 1032 319 mausum
1068 284 1273 318 EP1scoP1

287 354 433 419 posuit
461 354 537 401 bic
561 373 572 400 :
600 374 622 397 <‹
641 355 694 400 In
714 353 929 414 agnitione
949 352 1042 399 Dei.
1071 373 1091 393 ›>
1116 352 1184 397 Fit
1207 367 1305 410 ergo
1325 348 1406 395 ista
1437 347 1660 395 renovatio

286 425 619 489 reformatioque
633 424 788 470 mentis
801 422 1040 469 secundum
1052 424 1211 477 Deum,
1224 421 1291 466 vel
1300 418 1537 465 secundum
1554 418 1612 464 im
1619 435 1661 463 a-

288 497 430 556 ginem
446 496 537 542 Dei.
549 495 633 541 Sed
645 495 741 540 ideo
755 494 917 539 dicitur
933 514 953 534 α
965 492 1215 538 Secundum
1229 493 1389 546 Deum,
1407 512 1426 531 ι)
1439 507 1492 535 ne
1510 505 1663 534 seeun-

288 566 393 612 dum
405 566 532 611 aliam
542 576 780 612 creaturam
793 564 883 610 fieri
895 574 1074 627 putetur
1088 581 1098 608 ι
1114 563 1210 609 ideo
1223 572 1364 608 autem
1376 582 1395 601 α
1409 559 1661 606 Secundum

285 658 307 678 »
328 636 558 695 imaginem
572 637 671 691 Dei,
688 657 706 676 »
729 635 833 680 utin
854 651 901 679 ea
918 651 962 678 re
985 633 1249 693 intelligatur
1264 632 1464 678 fierihaec
1485 647 1661 676 renova-

286 705 364 760 tio,
392 706 468 750 ubi
482 716 544 750 est
566 705 708 764 imago
721 704 818 759 Dei,
845 703 890 748 id
915 714 992 759 est,
1026 707 1072 748 111
1094 714 1249 749 mente.
1276 700 1660 758 Quemadmodum

286 774 490 828 dicimus,
505 774 743 819 secundum
764 789 923 834 corpus
937 783 1179 828 mortuum,
1205 789 1294 817 non
1314 771 1552 817 secundum
1567 770 1660 832 spi-

285 846 436 899 ritum,
454 861 551 889 eum
567 843 643 907 qui
660 843 713 889 de
729 859 911 906 corpore
926 842 1071 888 fidelis
1090 853 1132 887 et
1148 846 1291 902 justus
1310 842 1516 888 abscedit.
1539 840 1661 898 Quid

284 916 398 960 enim
409 913 594 959 dicimus
610 913 848 959 secundum
866 929 1026 975 corpus
1038 923 1278 968 mortuum,
1293 913 1375 957 nisi
1392 928 1575 975 corpore
1595 911 1662 957 vel

285 985 330 1030 in
353 1000 552 1046 corpore,
573 1000 661 1029 non
681 983 823 1028 anima
840 982 908 1028 vel
930 983 974 1028 in
996 983 1139 1027 anima
1164 986 1413 1028 mortuum?
1434 983 1522 1028 Aut
1535 982 1567 1027 si
1589 981 1662 1027 di-

287 1070 452 1108 camus,
476 1053 713 1098 secundum
730 1069 889 1115 corpus
912 1062 973 1097 est
992 1052 1195 1115 pulcher,
1221 1063 1295 1098 aut
1310 1052 1548 1098 secundum
1567 1069 1661 1098 eor-

285 1141 369 1187 pus
390 1123 536 1179 fortis,
558 1140 645 1168 non
669 1122 909 1168 secundum
932 1123 1125 1167 animum
1153 1140 1163 1167 ι
1186 1123 1261 1185 qui
1282 1134 1342 1168 est
1365 1123 1502 1179 aliud,
1529 1140 1660 1186 quam

286 1209 469 1255 corpore
491 1209 580 1237 non
604 1193 748 1237 animo
773 1192 960 1255 pulcher
985 1203 1060 1237 aut
1073 1192 1195 1237 fortis
1216 1196 1307 1238 est?
1334 1194 1390 1237 Et
1415 1193 1660 1238 innumera-

284 1263 431 1307 biliter
444 1262 503 1307 ita
517 1262 751 1326 loquimur.
776 1263 874 1308 Non
892 1263 1037 1325 itaque
1052 1263 1112 1308 sic
1128 1263 1442 1322 intelligamus:
1463 1285 1482 1304 «
1500 1263 1661 1308 Secun-

286 1354 307 1374 »
332 1332 437 1377 dum
466 1332 697 1391 imaginem
721 1335 810 1391 ejus
843 1332 921 1395 qui
942 1332 1105 1377 creavit
1128 1349 1227 1377 eum
1252 1332 1288 1388 1,
1313 1332 1475 1395 »quasi
1501 1332 1583 1378 alia
1607 1333 1661 1377 sit

283 1401 425 1461 imago
437 1401 673 1446 secundum
687 1417 815 1463 quam
827 1411 1074 1457 renovatur,
1089 1418 1176 1446 non
1190 1402 1283 1465 ipsa
1297 1419 1396 1465 quae
1407 1412 1653 1448 renovatur.

349 1472 518 1517 XXIII.
547 1471 657 1516 Sane
674 1471 752 1516 ista
770 1470 988 1516 renovatio
1007 1488 1094 1516 non
1109 1483 1329 1517 momento
1352 1489 1437 1517 uno
1457 1473 1506 1517 fit
1526 1472 1661 1535 ipsius

285 1541 575 1588 conversionis
592 1578 603 1597 ,
630 1541 741 1586 sicut
764 1552 982 1586 momento
1007 1559 1092 1587 uno
1116 1543 1164 1587 fit
1183 1542 1256 1587 illa
1275 1543 1321 1587 in
1344 1543 1564 1605 baptismo
1588 1559 1659 1587 re-

283 1612 457 1657 novatio
483 1611 726 1656 remissione
745 1612 940 1656 omnium
962 1623 1242 1674 peccatorum
1265 1630 1274 1657 :
1298 1630 1437 1676 neque
1453 1613 1567 1657 enim
1591 1613 1660 1658 vel

283 1698 418 1726 unum
442 1680 893 1743 quantulumcumque
915 1693 1107 1727 remanet
1135 1682 1255 1746 quod
1276 1699 1364 1727 non
1393 1683 1651 1729 remittatur.

285 1751 369 1796 Sed
379 1749 751 1813 quemadmodum
773 1750 892 1795 aliud
907 1762 968 1796 est
987 1768 1130 1797 carere
1148 1752 1364 1808 febribus,
1386 1752 1504 1797 aliud
1521 1753 1576 1797 ab
1593 1753 1658 1797 in-

281 1821 486 1866 firmitate
504 1857 515 1875 ,
545 1836 645 1882 quae
668 1820 865 1865 febribus
896 1820 1008 1866 facta
1030 1833 1093 1867 est
1111 1859 1120 1877 ,
1156 1823 1414 1868 revalescere
1435 1841 1444 1867 z
1469 1824 1658 1886 itemque

282 1890 401 1936 aliud
421 1900 483 1936 est
503 1890 683 1934 infixum
710 1889 843 1935 telum
868 1890 920 1936 de
946 1908 1127 1954 corpore
1150 1892 1338 1948 demere,
1367 1893 1485 1938 aliud
1500 1893 1657 1939 vulnus

281 1960 401 2024 quod
422 1977 470 2006 eo
487 1959 651 2005 factum
674 1970 736 2005 est
758 1961 945 2006 secunda
977 1964 1199 2008 curatione
1222 1980 1368 2008 sanare
1397 1981 1407 2008 :
1430 1964 1487 2008 ita
1515 1964 1659 2026 prima

279 2030 448 2076 curatio
473 2039 535 2075 est
556 2046 729 2075 causam
746 2031 1211 2092 removerelanguoris,
1235 2032 1353 2095 quod
1373 2050 1449 2095 per
1461 2034 1656 2079 omnium

277 2101 327 2146 fit
348 2099 658 2158 indulgentiam
687 2110 993 2162 peccatorum3
1022 2102 1209 2147 secunda
1229 2103 1373 2165 ipsum
1394 2120 1541 2148 sanare
1558 2103 1656 2148 lan-

277 2187 472 2231 guorem,
496 2169 616 2232 quod
649 2171 700 2214 fit
733 2170 946 2233 paulatim
988 2172 1258 2234 proficiendo
1293 2173 1337 2218 in
1379 2173 1656 2218 renovatione

275 2240 408 2299 hujus
429 2239 626 2297 imaginis
645 2256 654 2282 :
682 2255 783 2302 quae
806 2239 893 2284 duo
919 2240 1272 2287 demonstrantur
1293 2242 1338 2287 in
1361 2242 1553 2298 Psalmo,
1576 2243 1655 2288 ubi

275 2310 460 2369 legitur:
485 2329 505 2349 «
533 2309 620 2364 Qui
637 2309 853 2372 propitius
876 2311 926 2355 fit
944 2312 1147 2356 omnibus
1168 2312 1473 2375 iniquitatibus
1496 2314 1580 2357 tuis
1599 2332 1610 2366 ;
1634 2334 1654 2354 »

279 2378 396 2442 quod
415 2378 462 2422 fit
480 2377 524 2422 in
541 2377 790 2440 baptismo:
821 2379 976 2425 deinde
998 2382 1191 2444 sequitur
1221 2399 1230 2425 :
1262 2403 1280 2421 s<
1299 2382 1386 2438 Qui
1410 2392 1530 2426 sanat
1553 2399 1653 2427 0111-

277 2470 298 2491 »
324 2465 397 2493 nes
412 2447 639 2506 languores
665 2458 757 2493 tuos
774 2450 815 2502 23
838 2471 857 2491 »
879 2450 997 2513 quod
1019 2452 1068 2496 sit
1097 2452 1360 2514 quotidianis
1390 2453 1648 2508 accessibus,

277 2534 378 2563 cum
393 2516 493 2561 haec
510 2516 652 2576 imago
674 2529 919 2566 renovatur.
952 2521 1013 2565 De
1032 2537 1117 2584 qua
1141 2538 1185 2566 re
1208 2520 1442 2584 Apostolus
1466 2523 1651 2584 apertis-

321 2601 332 2624 1
357 2600 541 2638 Coloss.111‚
565 2610 614 2634 xo.
635 2597 706 2622 —2
727 2598 804 2633 Psal.
825 2613 878 2640 011,
901 2604 930 2637 3,
