1894 3154
315 294 370 324 DE
405 292 625 324 BAPTISMO
662 290 835 322 CONTRA
869 290 1161 330 DONATISTAS,
1200 291 1288 322 LIB.
1330 291 1381 322 11.
1458 276 1544 322 281

187 370 348 422 quanta
364 373 594 421 possumus
613 355 915 410 formidamus,
940 355 1040 417 quia
1056 355 1406 416 obtemperamus
1422 356 1555 417 Apos-

189 428 275 474 tolo
298 427 458 473 dicenti
486 444 496 471 ε
524 447 543 467 α
565 424 763 470 Praedica
791 424 995 479 verbum,
1037 425 1148 469 insta
1180 434 1443 486 opportune,
1467 425 1556 468 im-

188 520 208 540 »
227 507 432 560 portune‚
461 511 612 554 argue,
634 495 834 549 hortare,
864 493 1042 556 increpa
1065 493 1099 540 4.
1128 515 1148 535 »
1171 493 1255 538 Sed
1277 494 1389 538 sicut
1407 493 1556 537 Evan-

188 567 345 627 gelium
364 566 574 628 loquitur,
592 564 791 623 Diligunt
813 563 993 622 gloriam
1016 564 1245 609 hominum
1272 562 1405 622 magis
1425 579 1556 624 quam

189 636 286 691 Dei,
317 646 358 680 et
378 636 482 680 dum
506 632 766 696 reprehendi
793 632 846 678 ad
874 643 1044 695 tempus
1062 633 1215 678 timent
1234 633 1270 688 2,
1298 631 1495 677 damnari
1512 631 1558 676 in

189 704 498 767 sempiternum
529 720 616 748 non
647 702 813 748 timent.
855 701 1014 747 Vident
1037 703 1164 747 etiam
1200 702 1282 764 ipsi
1319 700 1426 764 quid
1455 700 1558 745 mali

186 773 367 828 faciant,
387 772 536 818 vident
555 789 642 817 non
681 788 765 816 esse
792 771 899 834 quid
925 772 1101 816 omnino
1136 771 1424 834 respondeant
1447 787 1457 814 ε
1486 768 1559 814 sed

189 842 370 887 nebulas
393 841 606 904 imperitis
629 840 881 895 offundunt,
923 857 1023 885 cum
1054 841 1137 903 ipsi
1170 841 1259 886 vivi
1284 840 1556 894 sorbeantur,

189 910 233 955 id
254 921 338 966 est,
365 911 541 956 scientes
564 921 606 954 et
630 919 905 969 agnoscentes
940 910 1167 954 intereant.
1200 909 1413 954 Viderunt
1450 909 1562 953 hor-

188 996 281 1024 rere
306 980 502 1025 homines
520 990 561 1024 et
585 981 771 1038 graviter
796 978 1013 1032 detestari,
1040 980 1158 1041 quod
1191 980 1318 1024 etiam
1345 996 1387 1023 se
1412 978 1496 1041 ipsi
1516 978 1561 1022 in

189 1048 325 1094 multa
338 1049 569 1094 schismata
589 1048 847 1101 diviserunt,
869 1057 910 1091 et
928 1050 1107 1093 maxime
1124 1049 1168 1093 in
1188 1048 1344 1094 Africae
1362 1048 1502 1110 capite
1522 1056 1565 1091 et

188 1118 407 1163 notissima
429 1118 603 1164 civitate
638 1117 896 1176 Carthagine
921 1134 931 1161 :
958 1119 1103 1163 conati
1126 1128 1226 1163 sunt
1250 1119 1451 1163 resarcire
1474 1116 1555 1161 de-

191 1186 322 1232 decus
340 1204 584 1250 pannorum
604 1203 793 1232 suorum.
837 1187 1044 1232 Putantes
1084 1186 1204 1250 quod
1231 1197 1405 1249 possent
1427 1186 1565 1230 Maxi-

190 1257 410 1301 mianistas
424 1255 588 1301 auferre
603 1292 613 1311 ‚
641 1272 798 1315 magno
817 1265 977 1300 conatu
1001 1273 1078 1318 per
1100 1257 1315 1319 optatum
1333 1255 1566 1301 Gildonia-

191 1342 296 1370 num
320 1324 490 1370 fortiter
511 1324 776 1379 institerunt,
804 1324 941 1368 multa
964 1324 1047 1369 illis
1064 1325 1176 1370 mala
1193 1335 1234 1370 et
1248 1324 1567 1388 persecutiones

193 1396 442 1441 saevissimas
466 1395 718 1440 intulerunt.
743 1396 1020 1457 Receperunt
1036 1395 1138 1440 inde
1162 1395 1345 1458 aliquos,
1365 1404 1567 1458 putantes

194 1465 313 1528 quod
329 1476 501 1528 possent
532 1482 678 1510 omnes
712 1464 860 1509 eodem
887 1475 1042 1509 terrore
1082 1465 1304 1510 converti:
1329 1465 1398 1510 his
1425 1474 1567 1509 autem

195 1552 302 1598 quos
338 1546 618 1598 receperunt,
645 1535 876 1580 noluerunt
898 1534 1037 1580 facere
1078 1535 1310 1595 injuriam,
1349 1546 1393 1580 ut
1429 1535 1483 1580 ab
1510 1535 1569 1579 eis

195 1606 239 1650 in
275 1605 504 1650 schismate
532 1605 776 1667 baptizatos
808 1604 953 1650 denuo
986 1605 1284 1667 baptizarent,
1324 1605 1391 1649 vel
1421 1603 1568 1666 potius

197 1675 253 1720 ab
292 1675 359 1720 his
403 1675 508 1736 ipsis
537 1675 797 1737 rebaptizari
829 1691 898 1719 cos
937 1675 1127 1720 facerent
1162 1676 1278 1720 intus
1295 1712 1304 1730 ,
1345 1693 1365 1719 a
1406 1674 1568 1737 quibus

196 1745 407 1807 baptizati
424 1755 545 1789 crant
562 1743 690 1798 foris;
721 1755 848 1807 atque
873 1745 958 1790 hoc
982 1745 1109 1790 modo
1133 1762 1221 1790 suae
1260 1744 1433 1789 nefariae
1461 1760 1570 1788 con-

197 1814 414 1860 suetudini
450 1815 821 1877 praescripserunt.
869 1816 1070 1860 Sentiunt
1092 1832 1225 1878 quam
1249 1814 1449 1860 scelerate
1479 1817 1569 1872 jam

197 1884 359 1930 faciant
382 1922 392 1937 ,
436 1895 608 1946 recepto
646 1885 866 1946 baptismo
910 1885 1328 1930 Maximianistarum
1354 1923 1365 1941 ,
1410 1885 1571 1932 violare

198 1955 465 2017 baptismum
479 1955 596 1999 orbis
615 1964 838 2000 terrarum.
866 1955 950 2000 Sed
965 1956 1121 2000 timent
1150 1955 1438 2018 rebaptizatos
1453 1972 1567 2011 suos,

198 2041 251 2070 ne
270 2023 382 2069 forte
404 2042 491 2069 non
516 2025 572 2069 eis
607 2036 818 2086 parcant,
846 2026 878 2070 si
902 2026 984 2088 ipsi
1005 2027 1279 2089 pepercerint
1303 2026 1494 2071 caeteris·
1485 2061 1496 2078 ‚
1520 2043 1572 2070 ne

200 2094 253 2140 de
275 2094 359 2139 illis
377 2095 545 2153 exigant
565 2095 728 2140 animas
762 2112 875 2149 suas,
914 2095 946 2139 si
965 2096 1129 2140 animas
1155 2096 1335 2141 aliorum
1360 2095 1575 2141 trucidare

201 2165 471 2210 cessaverint.

265 2233 406 2279 XVII.
439 2231 556 2288 Quid
598 2232 651 2277 de
683 2235 865 2295 receptis
908 2233 1229 2278 Maximianistis
1267 2233 1572 2296 respondeant,

202 2320 289 2348 non
312 2303 539 2347 inveniunt
566 2339 574 2348 .
602 2302 646 2346 Si
681 2302 881 2358 dixerint,
909 2305 1163 2348 Innocentes
1186 2303 1426 2366 recepimus
1451 2320 1462 2349 ε
1486 2321 1576 2350 res-

203 2373 423 2435 pondetur
440 2373 522 2416 eis:
547 2373 657 2431 Ergo
676 2373 924 2418 innocentes
948 2373 1277 2419 damnaveratis.
1312 2374 1355 2418 Si
1373 2374 1573 2431 dixerint,

205 2442 513 2487 Nesciebamus
533 2460 542 2486 :
577 2444 687 2501 Ergo
710 2442 1101 2502 temereJuclicastis
1125 2461 1135 2487 :
1159 2445 1248 2506 (sic
1268 2444 1395 2489 etiam
1420 2444 1473 2489 de
1494 2455 1578 2489 tra-

207 2511 423 2557 ditoribus
441 2512 701 2556 sententiam
723 2513 989 2557 temerariam
1012 2513 1279 2575 protulistis)
1301 2532 1311 2558 :
1338 2513 1581 2576 falsumque

256 2593 265 2614 ¹
288 2604 298 2623 1
318 2593 400 2626 Tim.
424 2605 468 2631 xv,
491 2605 523 2627 2.
545 2611 589 2616 -
609 2593 624 2615 2
645 2597 740 2627 Joan.
761 2605 818 2631 xri,
844 2596 898 2631 4⁹²·
