1894 3154
306 256 400 303 306
727 270 762 300 s,
804 266 1047 301 Aueusnm
1080 265 1285 301 Emscopi

303 358 326 380 2>
345 334 493 382 amicis
510 334 544 382 1.
563 354 585 376 >³
611 333 698 380 Sed
735 333 864 380 etiam
900 334 935 380 si
971 334 1214 381 occasiones
1240 333 1409 393 desint,
1436 350 1538 383 cum
1558 337 1676 383 intus

302 407 508 455 videntur
525 443 536 461 ‚
564 405 621 451 ab
654 404 729 450 illa
753 404 963 451 invisibili
993 405 1217 452 charitatis
1253 423 1463 471 compage
1490 406 1678 471 separati

306 488 420 525 sunt.
445 476 572 522 Unde
595 476 782 521 Joannes
809 475 917 521 dicit
941 492 951 520 ε
984 496 1005 517 «
1025 477 1087 521 Ex
1114 477 1241 523 nobis
1262 478 1470 535 exierunt,
1497 478 1569 524 sed
1589 495 1678 524 non

305 569 328 591 »
347 558 468 594 erant
485 565 532 593 ex
555 547 680 592 nobis
698 549 716 591 P
732 563 831 591 nam
850 546 883 590 si
895 544 1074 591 fuissent
1090 562 1138 591 ex
1153 548 1297 604 nobis,
1321 549 1574 595 mansissent
1596 548 1678 593 uti-

306 640 328 661 »
349 635 432 680 que
463 616 694 662 nobiscum
717 615 752 661 2.
775 636 796 656 >2
823 615 922 660 Non
953 615 1012 660 ait
1046 615 1166 678 quod
1192 617 1384 663 exeundo
1421 618 1549 665 alieni
1575 616 1681 663 facti

305 697 407 734 sunt
427 707 439 741 3
468 685 541 732 sed
558 685 679 750 quod
698 685 824 731 alieni
848 697 987 741 erant,
1011 696 1195 749 propter
1205 686 1291 733 hoc
1304 704 1375 733 eos
1393 688 1521 734 exisse
1539 687 1682 733 decla-

305 757 431 804 ravit.
457 756 577 802 Dicit
594 767 636 801 et
662 755 883 819 apostolus
904 755 1067 802 Paulus
1091 756 1145 801 de
1170 757 1452 820 quibusdam,
1471 759 1548 822 qui
1565 758 1682 803 circa

304 827 531 874 veritatem
556 827 893 884 aberraverant,
919 837 961 872 et
980 827 1112 873 fidem
1134 828 1427 891 quorumdam
1458 829 1682 875 subverte-

306 899 415 944 bant
434 935 446 954 ,
472 915 661 962 quorum
698 915 836 944 sermo
872 909 921 944 ut
956 915 1112 945 cancer
1142 899 1343 962 serpebat
1361 900 1379 929 3
1399 937 1410 955 ,
1443 917 1550 963 quos
1580 916 1683 945 cum

305 967 530 1016 evitandos
560 985 646 1014 esse
682 968 872 1024 diceret,
911 969 958 1014 in
991 985 1079 1014 una
1106 979 1252 1015 tamen
1281 968 1412 1015 domo
1437 987 1593 1030 magna
1614 985 1684 1014 eos

304 1039 434 1085 fuisse
453 1039 685 1099 significat,
713 1038 787 1084 sed
810 1050 1020 1103 tanquam
1037 1056 1138 1086 vasa
1151 1039 1197 1085 in
1213 1039 1535 1086 contumeliam.
1573 1039 1683 1085 Cre-

308 1110 365 1156 do
387 1109 506 1174 quod
541 1109 739 1155 nondum
772 1109 887 1155 foras
927 1110 1126 1157 exierant.
1171 1112 1258 1157 Aut
1291 1111 1326 1155 si
1350 1115 1442 1170 jam
1476 1110 1681 1165 exierant,

306 1179 528 1244 quomodo
552 1196 622 1226 eos
646 1178 755 1225 dicit
775 1179 821 1224 in
837 1178 987 1225 eadem
1006 1196 1163 1239 magna
1181 1179 1313 1225 domo
1337 1196 1439 1225 cum
1464 1179 1576 1226 vasis
1598 1179 1685 1225 ho-

306 1250 583 1296 norabilibus
605 1267 616 1294 :
637 1249 720 1295 nisi
741 1248 851 1294 forte
884 1260 1066 1312 propter
1090 1250 1185 1312 ipsa
1208 1260 1491 1305 sacramenta,
1509 1265 1609 1312 quae
1627 1266 1688 1294 se-

308 1323 471 1385 paratis
487 1321 614 1366 etiam
629 1319 937 1364 haereticorum
957 1319 1271 1365 conventiculis
1282 1337 1370 1365 non
1384 1329 1550 1365 mutata
1568 1329 1685 1375 sunt,

311 1392 367 1438 ad
392 1408 524 1438 unam
546 1407 747 1450 magnam
771 1389 953 1435 domum
977 1389 1085 1435 dicit
1103 1407 1273 1446 omnes,
1295 1390 1368 1436 sed
1391 1389 1568 1435 diversis
1592 1406 1691 1434 me·-

308 1462 404 1508 ritis
424 1461 657 1524 pertinere,
684 1459 789 1505 alios
814 1459 860 1504 in
889 1459 1102 1504 honorem
1121 1495 1133 1515 ,
1156 1459 1261 1504 alios
1295 1460 1341 1505 in
1361 1459 1683 1505 contumeliam.

312 1534 386 1580 Sic
409 1533 524 1578 enim
547 1531 742 1594 loquitur
770 1530 824 1576 ad
845 1530 1127 1576 Timotheum
1158 1530 1350 1576 scribens
1383 1548 1394 1575 :
1433 1552 1454 1572 «
1483 1530 1692 1575 Profanas

313 1626 335 1647 >³
355 1614 497 1649 autem
519 1603 756 1649 verborum
779 1601 992 1647 novitates
1015 1601 1127 1647 evita
1155 1618 1166 1645 ε
1197 1600 1389 1646 multum
1411 1601 1525 1646 enim
1541 1600 1691 1663 'profi-

314 1696 336 1717 »
356 1675 471 1720 cient
488 1671 543 1717 ad
558 1671 846 1735 impietatem,
863 1681 906 1716 et
921 1687 1060 1715 sermo
1071 1687 1219 1716 eorum
1238 1671 1349 1716 sicut
1367 1687 1521 1716 cancer
1532 1669 1691 1732 serpit:

312 1766 336 1789 ))
353 1763 402 1791 ex
425 1744 586 1808 quibus
607 1752 671 1788 est
695 1743 960 1805 Hymenaeus
977 1753 1019 1787 et
1042 1741 1238 1787 Philetus
1254 1779 1264 1796 ‚
1292 1742 1370 1805 qui
1393 1742 1509 1787 circa
1532 1741 1696 1787 verita—

313 1838 335 1859 »
357 1826 444 1862 tem
469 1814 796 1869 aberraverunt,
823 1812 1013 1857 dicentes
1039 1812 1396 1858 resurrectionem
1416 1816 1507 1872 jam
1535 1810 1696 1856 factam

314 1907 338 1928 ³>
357 1902 462 1940 esse,
487 1893 528 1929 et
555 1883 688 1928 fidem
710 1881 1003 1944 quorumdam
1026 1882 1300 1928 subvertunt.
1330 1881 1525 1927 Firmum
1553 1891 1697 1927 autem

318 1978 340 1999 »
359 1954 695 2002 fundamentum
721 1952 800 1997 Dei
818 1962 917 2006 stat,
940 1951 1109 1996 habens
1133 1951 1405 2011 signaculum
1425 1951 1540 1996 hoc:
1563 1951 1696 1996 Novit

318 2048 341 2070 »
359 2025 573 2071 Dominus
595 2022 673 2085 qui
697 2032 798 2067 sunt
831 2025 945 2081 ejus3
968 2031 1009 2066 et
1038 2020 1211 2066 recedat
1235 2021 1290 2066 ab
1320 2021 1534 2080 injustitia
1558 2020 1698 2065 omnis

319 2118 341 2140 >³
364 2095 442 2160 qui
460 2093 657 2140 nominat
683 2108 841 2137 nomen
869 2090 1059 2136 Domini.
1084 2091 1136 2135 In
1168 2107 1323 2150 magna
1356 2100 1500 2135 autem
1529 2089 1660 2135 domo
1683 2125 1695 2145 ,

320 2189 343 2211 »
360 2184 450 2213 non
472 2164 612 2211 solum
639 2179 767 2208 aurea
792 2178 892 2208 vasa
911 2172 1012 2207 sunt
1041 2161 1109 2207 vel
1135 2171 1333 2220 argentea
1357 2197 1368 2216 ,
1398 2160 1472 2206 sed
1493 2171 1534 2206 et
1559 2160 1699 2220 lignea

322 2259 344 2281 »
362 2248 405 2283 et
429 2234 600 2289 fictilia,
628 2243 671 2278 et
698 2232 780 2278 alia
802 2231 978 2295 quidem
997 2241 1098 2276 sunt
1116 2231 1161 2276 in
1180 2231 1409 2286 honorem,
1431 2229 1513 2276 alia
1537 2230 1699 2277 veroin

323 2329 346 2350 ))
362 2303 685 2353 contumeliam.
718 2303 764 2348 Si
782 2302 878 2365 quis
902 2319 1002 2361 ergo
1025 2300 1326 2347 emundaverit
1346 2300 1623 2363 semetipsum
1643 2300 1699 2345 ab

323 2399 346 2420 'D
362 2376 484 2422 istius
506 2372 659 2429 modi,
681 2372 762 2418 erit
795 2389 869 2419 vas
891 2373 937 2417 in
963 2372 1174 2417 honorem
1215 2371 1532 2416 sanctificatum
1556 2407 1566 2426 ,
1596 2369 1701 2415 utile

323 2469 346 2490 2>
367 2445 573 2500 Domine,
596 2442 652 2489 ad
674 2459 800 2489 omne
832 2459 942 2506 opus
970 2442 1137 2487 bonum
1166 2451 1371 2505 paratum
1390 2440 1425 2488 4.
1456 2462 1475 2483 υ
1495 2439 1616 2498 Quid
1639 2449 1702 2484 est

369 2545 383 2569 ¹
401 2550 494 2579 Prov.
511 2555 606 2585 xvm,
627 2555 659 2580 1.
680 2560 725 2569 ·-
743 2543 759 2569 2
782 2555 796 2576 1
819 2546 915 2578 Joan.
944 2554 982 2583 υ,
1004 2554 1058 2584 19.
1079 2560 1124 2569 —-
1148 2539 1164 2566 3
1181 2553 1200 2574 2
1218 2540 1303 2575 Tim.
1330 2552 1357 2572 11
1372 2564 1381 2581 ‚
1417 2551 1469 2572 20.
1499 2556 1545 2565 --
1573 2537 1589 2564 4
1607 2537 1692 2573 1bid.

331 2600 454 2634 16-23.
