1894 3154
328 179 422 239 390
748 191 782 219 s.
826 187 1070 221 Aususrml
1105 188 1308 220 Eprscom

331 257 388 303 ab
411 255 470 302 eis
493 255 573 300 ista
591 271 676 300 esse
692 265 891 310 tractata,
920 271 1007 318 quo
1033 253 1228 299 nondum
1252 253 1469 300 declarata
1503 255 1592 301 sine
1611 274 1707 302 am-

329 327 487 387 bagine
508 325 842 381 hauriebantur,
872 325 945 370 sed
968 325 1115 370 adhuc
1137 325 1281 370 clausa
1308 343 1464 385 magno
1487 326 1708 372 molimine

331 398 654 462 quaerebantur.
687 398 774 443 Nos
795 415 893 457 ergo
903 401 995 457 jam
1016 396 1068 442 de
1083 397 1289 460 baptismi
1311 397 1589 460 simplicitate
1613 398 1710 443 ubi-

331 485 415 532 que
459 467 775 528 agnoscendam
820 467 1179 513 consuetudinem
1218 468 1427 514 universae
1476 468 1707 525 Ecclesiae,

331 539 463 586 etiam
478 538 673 584 conciliis
692 537 1009 609 universalibus
1029 538 1280 582 roboratam
1305 549 1508 595 tenentes,
1531 550 1711 602 accepta

332 625 505 673 quoque
523 625 570 653 ex
587 608 731 652 verbis
766 607 979 670 Cypriani
999 607 1154 667 majori
1179 607 1357 664 fiducia,
1381 626 1459 672 per
1479 626 1577 672 quae
1601 609 1713 655 mihi

328 680 457 725 etiam
480 688 583 723 tunc
605 677 753 723 liceret
771 678 887 723 salvo
899 681 998 737 jure
1019 678 1338 723 communionis
1356 679 1521 725 diversa
1537 680 1708 735 sentire,

334 750 501 796 unitate
536 748 712 812 quidem
735 749 919 812 praelata
948 760 1078 811 atque
1115 748 1312 804 laudata,
1343 751 1516 813 qualem
1564 751 1716 795 beatus

336 820 584 884 Cyprianus
609 830 651 865 et
673 823 763 880 ejus
794 819 989 880 collegae,
1019 820 1093 883 qui
1123 837 1223 866 cum
1257 838 1305 865 eo
1330 821 1566 866 concilium
1604 820 1716 866 illud

333 893 546 944 fecerunt,
572 908 673 936 cum
697 890 866 936 diversa
893 891 1177 936 sentientibus
1202 901 1452 947 tenuerunt,
1476 891 1715 936 haeretieo-

336 980 434 1009 rum
456 973 498 1008 et
518 961 894 1007 schismaticorum
917 961 1134 1006 seditiosas
1151 961 1387 1007 calumnias
1409 962 1718 1024 proturbantes

340 1043 470 1096 atque
489 1042 722 1078 evertentes
757 1033 802 1077 in
833 1032 1007 1077 nomine
1038 1031 1216 1076 Domini
1240 1032 1373 1077 nostri
1404 1032 1505 1077 Jesu
1532 1030 1714 1085 Christi,

345 1104 421 1166 qui
441 1120 521 1166 per
548 1102 806 1165 Apostolum
827 1119 952 1146 suum
974 1101 1154 1164 loquens
1175 1102 1233 1146 ait
1254 1119 1265 1145 ι
1284 1122 1303 1142 α
1325 1102 1581 1146 Sufferentes
1602 1100 1721 1145 iu‘vi-

346 1194 367 1215 »
387 1190 479 1219 cem
494 1172 540 1217 in
554 1172 785 1217 dilectione
801 1192 811 1225 ;
834 1171 1053 1217 studentes
1069 1189 1236 1217 servare
1254 1173 1462 1217 unitatem
1486 1171 1662 1234 spiritus
1675 1169 1720 1214 in

347 1265 368 1285 »
389 1242 564 1289 vinculo
579 1242 699 1305 pacis
719 1241 737 1271 1
761 1260 771 1286 ι
801 1263 821 1283 >>
846 1259 925 1305 per
937 1259 1064 1305 quem
1090 1242 1218 1287 etiam
1243 1242 1301 1288 ait
1325 1260 1334 1286 :
1359 1263 1379 1282 α
1395 1242 1439 1287 Si
1465 1240 1573 1305 quid
1599 1239 1722 1285 aliter

349 1334 370 1356 »
389 1313 555 1376 sapitis,
581 1311 627 1358 id
645 1329 817 1375 quoque
843 1311 968 1358 vobis
1000 1312 1113 1356 Deus
1148 1311 1406 1368 revelabit2‚
1433 1333 1453 1353 ))
1472 1320 1720 1356 sanctorum

345 1384 668 1446 Episcoporum
685 1382 932 1437 sententias,
955 1381 1070 1427 salvo
1091 1398 1190 1426 cum
1212 1382 1269 1426 eis
1287 1381 1464 1427 vinculo
1487 1379 1664 1425 unitatis
1682 1388 1724 1423 et

345 1455 465 1517 pacis
478 1455 523 1499 in
543 1470 630 1516 quo
643 1453 866 1498 retinendo
877 1469 964 1508 ρος,
979 1463 1191 1516 quantum
1205 1453 1294 1515 ipse
1304 1446 1516 1497 Dominus
1525 1450 1720 1509 adjuvat,

345 1525 587 1577 imitamur,
612 1523 947 1570 considerandas
968 1535 1009 1569 et
1026 1523 1352 1587 pertractandas
1379 1521 1667 1583 aggredimur.

413 1596 491 1641 XI.
526 1595 729 1640 Caecilius
754 1613 775 1639 a
795 1594 907 1639 Bilta
943 1594 1082 1640 dixit:
1109 1616 1128 1636 α
1160 1596 1250 1654 Ego
1288 1611 1425 1639 unum
1456 1591 1725 1655 baptismum

345 1667 392 1712 in
415 1665 606 1711 Ecclesia
624 1665 712 1710 sola
735 1666 840 1721 scio,
859 1676 899 1710 et
917 1677 1031 1711 extra
1062 1665 1295 1711 Ecclesiam
1333 1664 1517 1710 nullum.
1546 1663 1630 1708 Hic
1646 1661 1727 1707 erit

347 1754 504 1793 unum,
531 1737 608 1781 ubi
628 1753 723 1798 spes
741 1754 837 1781 vera
861 1747 922 1781 est
945 1747 985 1782 et
1007 1737 1114 1782 fides
1137 1747 1267 1783 certa.
1293 1737 1364 1782 Sic
1378 1736 1493 1780 enim
1512 1734 1725 1796 scriptum

345 1818 406 1854 est
431 1826 442 1853 ε
464 1809 559 1853 Una
578 1808 707 1863 fides5
738 1824 824 1853 una
863 1825 957 1871 spes
973 1846 983 1864 ,
1011 1816 1147 1854 unum
1179 1808 1397 1872 baptisma
1416 1807 1447 1853 3.
1484 1807 1582 1850 Non
1607 1803 1727 1868 apud

348 1879 596 1932 haereticos,
620 1878 698 1923 ubi
718 1895 812 1940 spes
838 1879 957 1923 nulla
981 1890 1042 1924 est
1060 1890 1100 1924 et
1118 1879 1223 1924 fides
1244 1878 1366 1933 falsa,
1392 1877 1470 1923 ubi
1492 1875 1634 1922 omnia
1650 1891 1729 1938 per

352 1947 630 1994 mendacium
650 1958 854 2006 aguntur,
883 1948 961 1992 ubi
985 1950 1196 1993 exorcizat
1229 1948 1548 2001 daemoniacus,
1587 1961 1730 1990 sacra-

350 2029 546 2064 mentum
563 2017 802 2077 interrogat
820 2022 943 2078 cujus
968 2036 1012 2063 os
1038 2029 1079 2063 et
1102 2019 1233 2064 verba
1252 2034 1408 2063 cancer
1425 2017 1646 2070 emittunt,
1673 2015 1729 2059 fi-

353 2089 452 2134 dem
470 2088 544 2134 dat
568 2087 769 2143 infidelis,
795 2089 965 2133 veniam
992 2087 1251 2134 delictorum
1290 2087 1447 2133 tribuit
1483 2085 1726 2139 sceleratus,

354 2169 395 2205 et
414 2159 460 2204 in
478 2158 653 2203 nomine
671 2157 836 2203 Christi
854 2159 1014 2218 tinguit
1028 2159 1337 2215 Antichristus,
1358 2157 1580 2203 benedicit
1600 2175 1622 2202 a
1641 2157 1731 2200 Deo

355 2228 630 2283 maledictus,
658 2229 792 2273 vitam
819 2228 1052 2291 pollicetur
1071 2240 1286 2283 mortum,
1327 2245 1480 2291 pacem
1499 2227 1574 2273 dat
1591 2228 1732 2291 impa-

349 2300 518 2351 cificus‚
539 2300 678 2344 Deum
698 2300 875 2345 invocat
889 2300 1193 2363 blasphemus,
1221 2300 1511 2345 sacerdotium
1528 2298 1730 2344 adminis-

348 2377 436 2414 trat
458 2369 685 2432 profanus,
708 2370 832 2432 ponit
859 2369 987 2414 altare
1007 2370 1250 2430 sacrilegus.
1284 2370 1352 2414 Ad
1374 2370 1472 2415 haec
1500 2370 1644 2415 omnia
1664 2386 1735 2414 ac-

362 2439 478 2488 cedit
515 2450 556 2485 et
577 2439 687 2486 illud
712 2441 895 2497 malum,
934 2451 983 2486 ut
1009 2442 1183 2487 antistes
1202 2441 1367 2487 diaboli
1394 2441 1735 2488 audeatEucha-

404 2523 418 2547 ⁸
439 2521 556 2566 Ephes.
575 2533 616 2562 iv,
633 2534 667 2557 2.
682 2540 727 2547 —-
745 2521 759 2545 2
778 2523 894 2568 Philip.
916 2535 965 2565 111,
986 2530 1038 2562 14.
1059 2543 1100 2550 --
1120 2522 1134 2548 3
1154 2523 1333 2568 Ephes.1v‚
1351 2525 1384 2557 3.
