1894 3154
608 280 663 311 DE
696 278 954 321 TRINITATE,
994 280 1081 312 Lm.
1123 283 1195 313 xv.
1534 270 1594 317 55

217 345 439 409 speculum
480 345 513 391 si
533 360 797 408 quaeramUS‚
822 344 1020 409 profecto
1041 345 1152 392 iHud
1172 348 1380 404 occurrit,
1404 352 1523 413 quod
1543 354 1590 398 in

216 415 390 478 speculo
414 415 496 460 nisi
519 416 662 475 imago
693 432 779 460 non
803 416 1012 462 cernitur.
1047 416 1142 461 Hoc
1165 433 1264 476 ergo
1288 416 1425 465 facere
1446 422 1592 467 conati

215 501 387 541 sumus,
423 495 470 530 ut
487 502 564 548 per
581 484 813 544 imaginem
835 485 952 531 hane
979 485 1098 548 quod
1128 503 1204 531 nos
1237 503 1384 533 sumus
1419 489 1591 535 videre-

214 572 309 600 mus
330 566 568 619 utcumque
587 573 609 600 a
623 572 710 618 quo
727 555 832 600 faeti
845 572 991 601 sumus
1012 567 1220 619 tanquam
1239 573 1319 619 per
1339 559 1580 620 speculum.

214 625 311 670 Iloe
329 625 542 684 signifieat
558 626 684 671 etiam
698 624 809 670 illud
823 625 941 688 quod
963 625 1147 672 aitidem
1164 626 1395 690 Apostolus
1419 645 1429 672 ε
1455 649 1475 670 α
1501 630 1590 674 Nos

213 715 234 735 »
259 704 399 740 autem
437 695 621 740 revelata
642 694 751 740 faeie
793 695 975 754 gloriam
1014 696 1195 741 Domini
1219 696 1488 759 speculantes
1505 733 1516 751 ‚
1540 699 1589 744 in

214 783 234 804 »
254 763 688 824 eamdemimaginem
712 764 1066 811 transformamur
1089 766 1142 811 de
1168 766 1304 825 gloria
1324 766 1370 812 in
1385 767 1583 827 gloriam,

213 854 234 874 >2
256 845 464 896 tanquam
490 852 512 879 a
534 835 711 879 Domini
737 834 894 896 spiritu
909 833 942 880 1.
973 835 1257 898 Speculantes
1282 857 1303 878 »
1339 836 1469 893 dixit,
1504 855 1585 900 per

212 904 436 966 speculum
452 904 669 960 videntes,
692 921 779 949 non
813 904 866 950 de
888 905 1064 967 specula
1100 906 1423 968 prospicientes.
1454 907 1588 963 Quod

210 974 255 1018 in
279 974 434 1019 Graeca
463 973 610 1033 lingua
641 991 729 1019 non
752 983 815 1018 est
845 974 1119 1033 ambiguum,
1156 974 1271 1020 unde
1303 975 1349 1021 in
1384 976 1589 1022 Latinam

212 1043 427 1089 translatae
467 1055 567 1089 sunt
589 1043 852 1107 Apostolicae
875 1043 1044 1090 litterae.
1076 1044 1146 1089 Ibi
1165 1045 1331 1108 quippe
1361 1046 1587 1109 speculum

211 1113 289 1158 ubi
306 1125 518 1177 apparent
540 1115 746 1174 imagines
772 1131 933 1169 rerum,
960 1132 984 1159 a
1006 1115 1182 1177 specula
1209 1115 1263 1160 de
1284 1119 1409 1175 cujus
1436 1116 1587 1162 altitu-

210 1183 311 1229 dine
342 1185 513 1244 longius
538 1185 705 1247 aliquid
726 1185 964 1241 intuemur,
991 1185 1121 1230 etiam
1159 1202 1263 1230 sono
1303 1186 1426 1232 verbi
1457 1186 1588 1232 distat

211 1254 405 1310 omnino,
423 1255 608 1318 satisque
622 1265 804 1318 apparet
816 1254 1073 1317 Apostolum
1094 1272 1117 1299 a
1135 1255 1329 1318 speculo,
1353 1272 1442 1301 non
1456 1273 1479 1301 a
1492 1273 1586 1319 spe-

210 1323 308 1369 cula
325 1324 475 1370 dixisse
501 1343 512 1369 :
533 1346 553 1366 c<
579 1325 774 1370 Gloriam
796 1325 972 1369 Domini
986 1324 1271 1387 speculantes.
1293 1345 1313 1366 >2
1338 1325 1470 1380 Quod
1483 1343 1585 1372 vero

211 1394 270 1439 ait
301 1411 312 1439 t
345 1416 366 1436 α
404 1396 455 1440 In
478 1394 674 1441 eamdem
706 1395 938 1454 imaginem
974 1393 1362 1440 transformamur:
1386 1416 1406 1437 >2
1430 1395 1582 1459 utique

207 1464 437 1524 imaginem
463 1466 544 1511 Dei
557 1466 652 1513 vult
668 1465 866 1524 intelligi,
895 1465 1091 1511 eamdem
1110 1465 1274 1521 dicens,
1300 1465 1427 1511 istam
1442 1466 1584 1529 ipsam

209 1535 389 1591 scilicet,
416 1535 462 1581 id
486 1547 564 1593 est,
583 1553 715 1599 quam
746 1535 1051 1598 speculamur3
1073 1536 1177 1599 quia
1196 1535 1346 1582 eadem
1362 1536 1505 1596 imago
1524 1547 1585 1582 est

210 1615 251 1649 et
267 1605 402 1664 gloria
425 1606 528 1661 Dei,
573 1607 685 1651 sicut
708 1605 813 1650 alibi
831 1605 941 1651 dicit
967 1623 978 1650 :
1008 1627 1028 1647 «
1049 1605 1127 1651 Vir
1144 1605 1321 1667 quidem
1342 1623 1430 1651 non
1455 1605 1585 1651 debet

210 1696 231 1717 ›>
254 1675 393 1720 velare
406 1686 541 1738 caput
554 1692 698 1731 suum,
725 1691 826 1720 cum
846 1676 899 1720 sit
922 1675 1065 1735 imago
1090 1685 1131 1719 et
1148 1674 1286 1733 gloria
1307 1675 1419 1719 Dei2
1445 1693 1455 1720 :
1485 1696 1505 1717 >³
1528 1675 1582 1720 de

209 1745 370 1808 quibus
412 1746 555 1791 verbis
590 1749 679 1805 jam
723 1745 768 1790 in
812 1745 926 1790 libro
972 1744 1233 1790 duodecimo
1278 1743 1574 1791 disseruimus.

209 1836 228 1855 α
249 1814 624 1860 Transformamur
639 1837 658 1856 »
681 1831 780 1874 ergo
803 1813 928 1870 dicit,
958 1814 1012 1859 de
1045 1812 1186 1859 forma
1208 1813 1254 1858 in
1270 1813 1456 1858 formam
1478 1830 1582 1859 mu·-

209 1895 369 1940 tamur,
387 1895 516 1949 atque
538 1884 770 1930 transimus
794 1883 848 1929 de
870 1883 1008 1929 forma
1036 1884 1222 1929 obscura
1238 1882 1486 1929 informant
1509 1884 1585 1930 lu·-

209 1954 376 2008 cidam3
396 1955 500 2018 quia
516 1955 664 2017 etipsa
683 1954 888 2010 obscura,
915 1954 1058 2013 imago
1080 1953 1161 1998 Dei
1184 1963 1270 2006 est3
1298 1963 1340 1998 et
1362 1954 1396 1998 si
1415 1954 1577 2014 imago,

206 2023 400 2087 profecto
418 2025 546 2071 etiam
572 2023 724 2084 gloria,
747 2023 792 2070 in
815 2040 903 2087 qua
915 2024 1112 2069 homines
1129 2023 1261 2068 creati
1284 2040 1448 2080 sumus,
1468 2041 1582 2086 prae-

208 2104 364 2140 stantes
378 2095 544 2141 caeteris
559 2094 830 2140 animalibus.
855 2096 919 2140 De
936 2094 1031 2157 ipsa
1046 2093 1212 2156 quippe
1222 2103 1379 2138 natura
1389 2094 1585 2139 humana

208 2164 377 2211 dictum
405 2176 466 2210 est
487 2183 497 2209 :
519 2186 540 2207 «
565 2165 642 2211 Vir
667 2164 846 2228 quidem
868 2181 958 2210 non
984 2164 1113 2209 debet
1133 2163 1273 2209 velare
1295 2174 1456 2226 caput3
1480 2180 1582 2209 eum

209 2255 230 2275 >2
248 2235 303 2280 sit
318 2233 461 2295 imago
481 2246 523 2280 et
539 2235 673 2295 gloria
696 2235 791 2281 Dei.
817 2255 838 2276 »
863 2235 976 2292 Quae
1000 2244 1157 2279 natura
1191 2234 1238 2278 in
1267 2233 1398 2278 rebus
1432 2234 1584 2280 creatis

207 2305 573 2361 excellentissima,
597 2323 698 2351 cum
719 2323 742 2350 a
762 2322 839 2350 suo
854 2306 1058 2351 Creatore
1074 2304 1130 2349 ab
1143 2303 1363 2367 impietate
1373 2304 1585 2364 J'ustifica-

207 2387 297 2431 tur,
324 2394 348 2421 a
369 2375 553 2421 deformi
575 2375 734 2438 forma,
753 2376 988 2421 formosam
1025 2373 1278 2420 transfeItur
1310 2374 1355 2419 in
1383 2374 1585 2420 formam.

207 2449 283 2493 Est
297 2447 463 2510 quippe
485 2457 526 2491 et
549 2446 595 2491 in
610 2447 705 2509 ipsa
726 2447 964 2509 impietate,
994 2456 1159 2508 quanto
1177 2445 1313 2504 magis
1328 2444 1580 2490 damnabile

207 2517 383 2574 vitium,
426 2526 547 2561 tanto
571 2516 728 2562 certius
759 2526 914 2561 natura
935 2514 1184 2562 laudabilis.
1227 2516 1282 2561 Et
1299 2524 1478 2578 propter
1495 2514 1584 2561 hoc

256 2601 267 2623 ί
289 2613 306 2632 2
326 2603 402 2635 Cor.
418 2611 474 2640 111,
500 2601 554 2634 18.
570 2616 615 2622 -—
635 2598 650 2621 2
673 2610 686 2630 1
709 2601 785 2632 Cor.
807 2611 857 2643 xx,
880 2612 909 2640 7.
