1894 3154
331 205 424 252 350
737 221 775 258 s.
816 220 1061 260 AUGusnm
1096 221 1299 260 Emscopr

327 285 540 342 recedere,
558 285 594 333 si
611 286 740 343 etiam
755 304 845 336 non
865 287 1078 352 baptizati
1090 289 1282 353 peccatis
1300 288 1493 354 propriis
1509 305 1598 342 non
1617 307 1700 355 pe-

328 357 479 415 rirent,
501 358 577 424 qui
597 358 653 410 ad
674 376 767 406 eam
790 359 948 407 vellent
972 377 1020 405 ex
1042 360 1198 406 haeresi
1220 360 1436 407 accedere.

392 429 476 474 ΙΙΙ.
499 429 630 485 Quod
650 441 792 476 autem
826 429 1025 490 adjungit
1051 430 1318 494 Cyprianus,
1341 442 1383 477 et
1400 430 1507 478 dicit
1526 448 1536 476 x
1566 453 1586 474 «
1604 433 1702 486 Non

327 508 470 545 tamen
483 500 586 563 quia
605 500 839 564 aliquando
854 511 1041 548 erratum
1060 512 1148 556 est,
1169 501 1268 547 ideo
1287 519 1454 565 semper
1468 502 1700 551 errandum

326 579 388 621 est
406 587 415 613 :
438 587 537 615 cum
555 571 690 629 magis
706 570 975 633 sapientibus
990 580 1030 620 et
1047 573 1188 619 Deum
1206 572 1458 618 timentibus
1470 584 1698 633 congruat,

324 637 554 700 patefacta}
573 650 613 684 et
636 650 878 702 perspectae
895 639 1067 688 veritati
1083 639 1268 686 libenter
1292 651 1420 705 atque
1435 643 1700 689 incunctan-

326 718 389 753 ter
409 709 616 773 obsequi,
644 727 775 774 quam
817 710 1101 773 pertinaciter
1143 723 1272 776 atque
1300 713 1514 761 obstinate
1549 724 1701 760 contra

321 776 474 825 fratres
493 790 534 826 et
551 780 876 829 consacerdotes
906 798 987 844 pro
1014 781 1230 828 haereticis
1260 782 1522 831 reluctari.»
1557 783 1700 830 Veris-

322 850 427 897 sime
453 851 582 909 dicit,
609 869 688 898 1166
716 852 838 899 311611
860 852 1005 916 potius
1031 869 1164 919 quam
1196 853 1280 900 sibi
1314 853 1591 914 adversatur,
1617 854 1696 919 qui

320 921 477 968 resistit
502 922 780 988 apertissimae
809 918 995 971 veritati.
1028 923 1113 969 Sed
1136 941 1214 989 per
1243 924 1316 970 illa
1334 942 1435 989 quae
1452 936 1541 972 tam
1563 925 1701 973 multa

316 994 408 1050 jam
426 992 630 1053 diximus,
656 1004 872 1057 quantum
891 994 1097 1051 arbitror,
1125 995 1295 1058 liquido
1320 1007 1520 1060 apparet,
1545 1006 1587 1041 et
1611 1013 1700 1042 cer-

320 1072 414 1108 tum
435 1074 514 1120 est,
543 1064 814 1127 baptismum
838 1063 1006 1111 Christi
1024 1083 1103 1111 nec
1130 1065 1442 1114 haereticorum
1483 1066 1701 1129 perversi-

324 1142 426 1186 tate,
454 1151 555 1180 cum
580 1134 698 1197 apud
718 1151 788 1179 eos
812 1134 942 1184 datur
978 1145 1020 1180 et
1043 1135 1245 1192 sumitur,
1268 1154 1392 1199 posse
1414 1136 1580 1183 violari.
1614 1135 1700 1182 Sed

320 1214 370 1249 ut
386 1215 553 1251 certum
573 1204 770 1251 nondum
788 1205 842 1250 sit
859 1225 870 1259 ;
897 1205 1046 1251 saltem
1069 1205 1217 1252 adhue
1237 1224 1322 1253 esse
1342 1206 1547 1263 dubium,
1574 1206 1698 1270 quis-

321 1276 419 1336 quis
440 1292 488 1321 ea
513 1292 613 1339 quae
636 1275 753 1322 dicta
776 1286 893 1331 sunt,
914 1277 1044 1321 etiam
1069 1277 1254 1322 renitens
1278 1277 1529 1334 cogitaverit
1556 1277 1699 1323 confi-

318 1355 448 1392 tetur.
478 1347 577 1391 Non
602 1363 702 1406 ergo
733 1346 1013 1408 apertissimae
1045 1347 1217 1394 veritati
1240 1347 1494 1405 resistimu53
1519 1346 1592 1392 sed
1624 1357 1699 1392 aut

317 1432 399 1479 pro
426 1416 650 1463 manifesta
675 1417 852 1463 veritate
880 1428 1113 1471 certaniUS,
1147 1418 1259 1464 sicut
1281 1436 1356 1478 ego
1382 1418 1600 1471 existimo3
1622 1428 1699 1463 aut

317 1498 447 1543 certe,
470 1487 581 1533 sicut
600 1498 780 1551 possunt
798 1499 951 1553 putare
966 1489 1042 1551 qui
1057 1488 1255 1535 nondum
1271 1489 1396 1535 istam
1412 1488 1697 1552 quaestionem

316 1556 503 1601 solutam
523 1573 610 1602 esse
633 1557 920 1613 arbitrantur,
949 1557 1097 1604 adhuc
1115 1558 1354 1622 quaerimus
1376 1559 1616 1612 veritatem.
1642 1560 1698 1603 Et

314 1625 412 1672 ideo
431 1627 464 1672 si
491 1626 614 1673 aliter
636 1644 677 1672 se
695 1644 760 1676 res
782 1627 918 1678 habet
938 1644 1071 1691 quam
1094 1645 1172 1674 nos
1191 1628 1397 1684 dicimus,
1424 1628 1573 1673 eadem
1589 1628 1696 1673 sim-

312 1696 510 1758 plicitate
535 1697 795 1760 suscipimus
819 1698 874 1743 ab
916 1698 1132 1743 baereticis
1155 1699 1419 1762 baptizatOS,
1446 1716 1533 1762 qua
1557 1697 1695 1743 susci-

310 1767 494 1829 piebant
509 1767 574 1813 illi
590 1769 699 1831 quos
718 1778 900 1831 propter
935 1769 1146 1814 unitatem
1167 1769 1416 1832 Cyprianus
1441 1769 1496 1815 ad
1521 1768 1692 1815 veniam

309 1838 523 1900 pertinere
545 1840 838 1902 praesumpsit.
866 1839 912 1884 Si
935 1851 1080 1886 autem
1102 1840 1347 1903 baptismus
1368 1840 1553 1896 Christi,
1582 1840 1695 1886 sicut

309 1924 357 1954 ea
376 1925 475 1972 quae
490 1912 582 1967 jam
610 1909 747 1958 multa
764 1909 881 1954 dicta
899 1921 1000 1955 sunt
1027 1911 1243 1967 indicant,
1272 1922 1314 1956 et
1330 1911 1375 1956 in
1400 1928 1488 1956 non
1505 1911 1689 1970 integra,

308 1977 375 2024 vel
386 1979 492 2034 vita,
507 1978 575 2035 vel
586 1979 689 2035 fide,
704 1979 790 2026 sive
801 1996 951 2027 eorum
961 1980 1038 2044 qui
1049 1980 1252 2028 videntur
1264 1997 1349 2027 esse
1363 1981 1499 2037 intus,
1516 1998 1593 2026 nec
1605 1981 1693 2027 sive

310 2058 455 2094 tamen
467 2048 521 2094 ad
539 2049 679 2096 unicae
700 2049 815 2101 illius
831 2050 1049 2096 columbae
1065 2051 1259 2097 membra
1270 2051 1491 2114 pertinent
1504 2088 1514 2107 ‚
1542 2067 1692 2097 eorum

309 2119 386 2182 qui
415 2118 474 2164 sic
496 2118 550 2164 ad
567 2136 660 2164 eam
684 2136 774 2167 non
792 2121 1028 2183 pertinent,
1054 2130 1102 2166 ut
1125 2121 1252 2166 etiam
1272 2132 1418 2184 aperte
1451 2121 1556 2166 foris
1584 2121 1687 2177 sint,

307 2201 451 2253 potest
469 2207 557 2236 esse
580 2190 773 2251 integer3¹
794 2192 872 2254 qui
894 2209 991 2242 eum
1017 2191 1099 2237 illis
1121 2193 1391 2256 temporibus
1413 2192 1686 2255 repetebant,

307 2260 503 2307 eamdem
516 2261 688 2309 reniam
706 2272 890 2330 propter
913 2263 1171 2312 charitatem
1195 2263 1371 2309 unitatis
1388 2263 1686 2320 merebantur,

306 2348 439 2394 quam
459 2331 662 2380 meruisse
677 2344 860 2399 propter
873 2332 1089 2393 ejusmodi
1106 2333 1366 2379 charitatem
1382 2333 1569 2387 credidit
1589 2334 1687 2396 Cy—⁴

304 2403 484 2465 prianus
508 2420 597 2459 eos,
618 2419 728 2470 quos
751 2403 841 2450 sine
863 2404 1084 2468 baptismo
1105 2404 1311 2450 admissos
1334 2421 1421 2450 esse
1450 2404 1686 2451 arbitratus

305 2483 381 2521 est.
407 2472 484 2519 Isti
508 2489 607 2533 ergo
637 2473 717 2537 qui
743 2473 863 2530 nulla
882 2476 1082 2524 existente
1103 2491 1250 2530 causa,
1277 2473 1685 2538 (quandoquidem,

306 2544 418 2592 sicut
429 2542 544 2591 idem
562 2542 810 2607 Cyprianus
823 2544 1030 2602 ostendit,
1044 2544 1148 2592 mali
1162 2544 1287 2592 bonis
1299 2544 1346 2591 in
1360 2543 1524 2604 unitate
1538 2544 1684 2595 obesse
