1894 3154
237 265 265 310 8
656 282 688 309 s.
737 280 974 310 Areusrrm
1010 279 1212 309 EPISCOPI

239 345 531 406 cogitantibus
559 345 684 390 nobis
704 382 713 394 ,
750 355 790 389 et
819 343 938 407 quod
962 343 1062 388 inde
1094 343 1351 402 cogitatione
1382 342 1605 387 formatur.

244 416 328 462 Sed
350 416 425 479 qui
447 416 535 461 hoc
564 415 671 460 dicit
686 453 696 470 ‚
726 432 813 460 non
830 414 1036 464 discernit
1054 413 1181 458 aliam
1209 431 1324 459 nunc
1341 431 1426 459 esse
1442 413 1613 458 trinita-

241 498 351 542 tem,
373 485 548 549 quando
575 495 833 547 praesentem
861 484 988 528 fidem
1013 495 1229 539 tenemus,
1250 484 1466 539 videmus,
1495 499 1617 528 ama-

242 573 339 601 mus
357 556 402 600 in
418 556 543 600 nobis
567 573 577 599 ε
606 555 730 600 aliam
758 565 863 599 tunc
883 553 1073 598 futuram
1089 591 1099 607 ‚
1128 553 1304 616 quando
1333 571 1420 599 non
1446 554 1582 616 ipsam
1603 589 1614 608 ‚

244 626 315 671 sed
336 643 426 684 ejus
450 626 568 671 relut
588 625 890 684 imaginarium
916 624 1144 683 vestigium
1168 624 1214 668 in
1239 624 1446 669 memoria
1472 640 1620 668 recon-

246 697 411 749 ditum,
436 695 733 741 recordatione
759 695 1081 748 contuebimur,
1112 704 1153 738 et
1182 693 1269 739 duo
1297 694 1420 748 haec,
1452 693 1498 739 id
1533 703 1617 749 est,

248 768 366 829 quod
391 778 483 811 erat
504 767 550 811 in
573 767 783 811 memoria
811 765 1033 810 retinentis
1048 802 1058 818 ‚
1081 776 1122 809 et
1146 765 1265 826 quod
1283 765 1383 810 inde
1407 765 1627 828 imprimi—

249 847 320 882 tur
346 838 391 882 in
413 837 502 882 acie
522 836 813 891 recordantis,
834 835 958 880 tertia
978 834 1200 879 voluntate
1215 838 1462 893 jungemus.
1497 833 1630 890 Quod

252 917 300 951 ut
322 907 458 969 possit
483 906 688 965 intelligi3
727 921 946 950 sumamus
976 903 1220 966 exemplum
1253 903 1305 949 de
1329 904 1630 966 corporalibus

252 977 381 1021 rebus
400 1014 410 1032 ,
438 976 491 1022 de
509 976 671 1038 quibus
694 976 739 1020 in
768 974 882 1019 libro
914 973 1145 1019 undecimo
1173 973 1271 1018 satis
1297 972 1435 1018 locuti
1463 990 1624 1019 sumus.

255 1051 421 1111 'Nempe
448 1049 503 1094 ab
528 1047 804 1093 inferioribus
829 1047 881 1092 ad
907 1046 1127 1108 superiora
1158 1045 1455 1099 ascendentes,
1479 1046 1544 1091 vel
1577 1045 1630 1090 ab

255 1119 535 1163 exterioribus
552 1117 605 1163 acl
625 1117 826 1162 interiora
848 1116 1135 1175 ingredientes
1149 1152 1159 1171 ‚
1180 1116 1367 1177 primam
1396 1117 1634 1179 reperimus

259 1189 493 1232 trinitatem
516 1188 562 1232 in
586 1203 767 1249 corpore
788 1185 907 1248 quod
931 1184 1120 1240 videtur,
1149 1195 1189 1229 et
1211 1186 1300 1229 acie
1325 1185 1511 1230 videntis
1535 1202 1634 1248 quae

257 1275 359 1304 cnm
383 1257 500 1302 videt
522 1256 622 1301 inde
639 1256 869 1310 formatur,
896 1266 936 1300 et
955 1255 1000 1299 in
1023 1254 1255 1299 voluntatis
1276 1255 1514 1300 intentione
1535 1272 1636 1319 quae

260 1338 495 1390 utrumque
514 1326 754 1384 conjungit.
776 1325 892 1370 Huic
910 1324 1091 1369 trinitati
1104 1324 1285 1369 similem
1301 1325 1633 1380 constituamus,

262 1415 363 1443 cum
391 1397 496 1442 fides
523 1413 622 1459 quae
650 1413 766 1441 nunc
785 1396 893 1440 inest
922 1395 1048 1440 nobis
1066 1432 1075 1450 ‚
1105 1406 1313 1457 tanquam
1346 1413 1504 1459 corpus
1527 1395 1638 1440 ill.:d

260 1468 306 1513 in
322 1467 418 1512 loco
441 1503 451 1521 ,
473 1466 531 1511 ita
556 1476 699 1510 nostra
725 1465 930 1510 memoria
949 1465 1182 1509 constituta
1201 1475 1261 1508 est
1281 1501 1290 1519 ,
1315 1464 1368 1509 de
1385 1482 1472 1528 qua
1500 1464 1640 1510 insor-

262 1547 406 1581 matur
423 1535 626 1594 cogitatio
647 1534 915 1580 recordantis
933 1572 942 1589 ‚
964 1534 1076 1579 sicut
1095 1551 1140 1578 ex
1158 1533 1232 1578 illo
1252 1551 1433 1597 corpore
1447 1535 1560 1594 acies
1576 1536 1640 1580 in-

263 1607 447 1651 tuentis:
471 1605 632 1667 quibus
659 1605 832 1649 duobus
852 1642 862 1659 ,
894 1615 942 1649 ut
962 1605 1130 1648 trinitas
1151 1604 1400 1666 impleatur,
1429 1622 1642 1650 annume-

259 1687 378 1720 ratur
403 1675 527 1719 tertia
549 1673 747 1718 voluntas
766 1710 776 1728 ‚
808 1690 908 1736 quae
928 1673 1056 1718 fidem
1076 1673 1120 1717 in
1138 1674 1343 1718 memoria
1363 1674 1643 1719 constitutam

264 1756 304 1791 et
330 1744 567 1808 quamdam
588 1748 679 1803 ejus
702 1743 885 1802 effigiem
914 1744 959 1788 in
988 1744 1185 1788 contuitu
1214 1744 1523 1790 recordationis
1558 1745 1645 1790 im-

260 1831 448 1878 pressam
467 1814 686 1858 connectit
704 1825 745 1857 et
764 1813 1014 1872 conjungit3
1038 1813 1147 1857 sicut
1161 1813 1206 1857 in
1226 1813 1298 1858 illa
1314 1814 1552 1876 corporalis
1566 1815 1645 1859 tri-

262 1885 394 1929 nitate
412 1882 587 1927 visionis
605 1919 613 1935 ‚
634 1882 819 1926 formam
838 1883 1033 1944 corporis
1049 1882 1169 1944 quod
1187 1882 1378 1939 Videtur,
1404 1894 1445 1928 et
1463 1883 1646 1929 confor-

264 1954 496 1999 mationem
513 1969 612 2014 quae
634 1953 684 1996 fit
705 1952 751 1996 in
766 1952 977 1997 cernentis
1001 1964 1178 2015 aspectu
1192 1990 1202 2005 ‚
1220 1954 1447 2012 conjungit
1463 1954 1645 1999 intentio

265 2022 514 2069 voluntatis.
548 2021 773 2066 Faciamus
799 2038 897 2080 ergo
918 2038 1077 2084 corpus
1095 2021 1205 2067 illud
1221 2022 1340 2085 quod
1359 2023 1617 2069 cernebatur
1632 2061 1642 2079 ‚

263 2094 456 2140 interisse
492 2091 738 2154 dilapsum,
768 2109 848 2136 nec
884 2096 975 2151 ejus
1009 2092 1257 2137 remansisse
1288 2092 1452 2157 aliquid
1476 2095 1521 2139 in
1559 2094 1647 2140 ullo

260 2164 385 2218 loco,
422 2161 476 2206 ad
506 2160 624 2223 quod
657 2160 894 2206 videndum
923 2172 1117 2206 recurrat
1154 2173 1349 2224 aspectus
1376 2181 1387 2208 z
1432 2164 1648 2227 numquid

266 2235 368 2296 quia
392 2233 536 2289 imago
561 2232 621 2275 rei
648 2232 887 2294 corporalis
903 2236 993 2291 jam
1018 2243 1246 2278 transactae
1264 2244 1391 2296 atque
1413 2235 1647 2296 praeteritae

263 2312 456 2349 remanet
482 2301 527 2345 in
553 2303 783 2357 memoria,
810 2302 923 2346 unde
946 2302 1203 2347 informetur
1230 2303 1494 2348 recordantis
1521 2305 1647 2350 obtu-

262 2386 352 2429 tus,
376 2383 503 2434 atque
529 2371 573 2415 id
601 2382 835 2435 utrumque
860 2375 982 2418 tertia
1006 2373 1229 2418 voluntate
1250 2378 1475 2433 jungatur,
1499 2375 1647 2420 eadem

263 2446 432 2492 trinitas
449 2460 535 2488 esse
563 2443 747 2488 dicenda
771 2455 833 2488 est
852 2481 862 2499 ‚
898 2462 997 2507 quae
1026 2445 1166 2490 fuerat
1202 2446 1380 2508 quando
1416 2447 1577 2509 species
1602 2447 1647 2492 in

261 2517 358 2562 loco
383 2513 514 2576 positi
534 2513 727 2575 corporis
749 2513 1014 2560 videbatur?
1046 2516 1143 2560 Non
1169 2517 1319 2578 utique
1341 2551 1350 2568 ‚
1375 2515 1447 2561 sed
1472 2533 1648 2579 prorsus

265 2586 345 2633 alia
366 2603 376 2629 ι
398 2600 497 2629 nam
518 2594 678 2646 praeter
699 2583 819 2646 quod
837 2583 909 2630 illa
932 2596 1022 2630 erat
1045 2585 1302 2631 extrinsecus
1320 2622 1331 2641 ‚
1364 2585 1462 2631 haec
1490 2585 1650 2632 intrin—
