1894 3154
433 303 625 334 PsAans
662 303 834 333 commi
871 303 1044 336 PARTEM
1079 304 1261 338 DONATt.
1453 291 1539 340 113

176 366 232 413 [t
250 367 347 431 plus
367 379 532 414 vastent
552 370 695 432 ipsum
714 386 889 425 nomen,
907 387 1037 433 quam
1057 388 1216 436 corpus
1230 372 1349 436 quod
1364 374 1542 420 caeclunt

238 438 352 486 inde.

306 549 462 608 Repez‘.
494 546 655 592 Omnes
683 547 760 611 qui
785 547 1006 607 gaudem,
1036 561 1119 596 ete.

176 656 342 701 NomTE
368 655 492 700 nobis
505 659 615 714 jam.
638 655 806 711 fratres,
830 666 1000 720 tempus
1022 659 1202 704 Macarii
1225 659 1456 722 imputare.

177 727 221 772 Si
243 726 436 771 crudeles
459 737 580 770 erant
606 725 667 770 illi
687 763 696 781 ,
725 736 766 771 et
791 727 916 772 nobis
937 727 1168 790 displicent
1192 728 1344 774 valde:

178 797 222 842 Si
242 807 383 842 autem
404 796 508 841 salsa
530 796 582 840 de
600 795 684 840 illis
701 795 878 851 dicunt,
903 797 1017 841 Deus
1037 808 1174 860 potest
1192 798 1406 857 judicare.

176 867 264 912 Nos
285 883 474 912 amemus
500 883 651 928 pacem
674 865 835 910 Christi
854 903 865 922 ,
890 867 1150 926 gaudeamus
1167 869 1211 913 in
1233 869 1408 915 unitate.

178 937 222 982 Si
245 936 319 999 qui
340 935 443 979 mali
461 945 560 979 sunt
579 935 622 979 in
648 934 856 989 Ecclesia,
885 934 945 979 nil
972 936 1098 980 nobis
1122 948 1302 999 possunt
1324 955 1491 986 nocere.

178 1006 223 1051 Si
246 1023 330 1050 non
354 1015 534 1067 possunt
558 1004 789 1049 nobiscum
809 1021 910 1060 esse,
931 1005 1216 1051 excludamur
1241 1007 1355 1052 salva
1377 1025 1512 1071 pace:

178 1077 222 1121 Si
248 1093 334 1120 non
357 1085 564 1138 poterunt
587 1073 773 1125 excludi,
801 1073 1085 1120 excludantur
1109 1076 1175 1121 vel
1197 1076 1250 1122 de
1271 1077 1414 1124 corde.

177 1146 294 1190 Dixit
319 1143 515 1189 Ezechiel
541 1154 731 1199 sanctas,
755 1143 965 1206 quosdam
988 1146 1260 1205 consignatos
1282 1164 1368 1192 esse
1382 1147 1418 1202 1,

178 1216 267 1270 Qui
291 1224 467 1275 gemunt
492 1224 670 1276 peccata
690 1213 899 1268 fratrum3
925 1225 967 1259 et
986 1232 1071 1260 non
1100 1233 1140 1260 se
1167 1228 1367 1279 separant
1389 1217 1503 1265 inde.

179 1287 250 1331 Sic
270 1303 345 1331 nos
372 1295 551 1348 propter
570 1284 704 1329 malos
726 1284 894 1341 fratres,
919 1302 1006 1330 non
1031 1304 1278 1349 separemur
1302 1306 1324 1332 a
1351 1299 1500 1335 matre.

180 1356 312 1413 Quod
337 1367 441 1401 tunc
467 1355 592 1418 impii
614 1354 809 1401 fecerunt
829 1392 839 1411 ‚
862 1366 977 1401 extra
1000 1356 1190 1402 levantes
1210 1358 1364 1414 altare,

180 1429 238 1472 [t
260 1430 425 1489 pejores
443 1442 560 1470 nunc
586 1425 816 1481 haberent,
836 1442 968 1488 quam
993 1443 1100 1489 qnos
1125 1444 1166 1472 sc
1191 1427 1546 1487 finguntfugisse.

306 1544 470 1604 Repet.
501 1541 662 1586 Omnes
691 1540 768 1603 qui
795 1539 1013 1599 gaudetis,
1037 1552 1120 1587 etc.

181 1654 330 1698 Onms
352 1651 429 1714 qui
449 1651 696 1713 Scripturas
715 1650 839 1710 legit,
861 1650 984 1695 novit
1001 1650 1120 1713 qnod
1145 1650 1244 1696 volo
1269 1651 1446 1714 aperire.

178 1725 364 1768 «loannes
386 1722 583 1784 Baptista
606 1721 712 1766 dixit
732 1732 838 1767 tunc
857 1721 912 1766 ad
936 1722 960 1765 J
966 1721 1112 1767 udaeos
1141 1732 1286 1784 aperte
1301 1723 1337 1777 2,

181 1792 312 1849 Quod
344 1792 438 1837 illos
470 1802 679 1855 tanquam
713 1809 855 1837 aream
878 1808 998 1836 suam
1022 1791 1222 1837 Christus
1250 1804 1390 1855 posset
1410 1796 1554 1840 venti—

242 1861 343 1908 lare.

179 1932 297 1977 Misit
319 1931 364 1977 in
388 1948 563 1976 messem
588 1931 807 1994 operarios
831 1930 1080 1994 Discipulos
1098 1931 1367 1994 p12aedicare³
1385 1952 1396 1979 z

137 2049 143 2051 ,
178 2002 263 2046 Per
284 2018 391 2064 quos
410 2018 505 2046 area
522 2000 701 2046 collecta
718 2012 797 2057 est,
825 2011 866 2046 et
890 2001 1094 2046 ventilata
1116 2002 1169 2047 de
1188 2019 1331 2050 cruce.

179 2073 304 2117 Tunc
334 2072 439 2131 justi
479 2083 686 2135 tanquam
720 2070 990 2117 frumentum
1022 2072 1235 2118 Ecclesias
1260 2073 1554 2137 impleverunt

242 2152 355 2187 caste
370 2179 381 2196 ‚

176 2212 416 2258 vendentes
438 2229 538 2275 quae
563 2212 845 2275 possidebant
866 2250 875 2268 ‚
905 2222 947 2257 et
970 2211 1136 2257 mundo
1155 2212 1346 2259 dicentes
1363 2215 1470 2262 vale.

178 2282 248 2328 Illi
286 2293 492 2346 tanquam
537 2301 680 2329 semen
719 2294 841 2328 erant
865 2319 875 2338 ‚
919 2282 1035 2345 quod
1078 2293 1167 2328 toto
1209 2283 1450 2347 dispersum
1493 2297 1555 2332 est

242 2355 346 2400 orbe
364 2354 401 2410 Δ,

177 2425 234 2469 Ut
254 2424 335 2470 alia
352 2436 539 2484 surgeret
562 2427 704 2472 messis
720 2463 730 2481 ‚
758 2441 859 2487 quae
882 2423 1132 2470 ventilanda
1150 2425 1275 2471 estin
1298 2426 1398 2473 fine.

177 2496 286 2541 Haec
308 2496 460 2541 crescit
478 2497 591 2542 inter
609 2496 771 2542 zizania
785 2533 796 2551 ‚
818 2495 920 2558 quia
947 2506 1046 2540 sunt
1070 2496 1251 2542 haereses
1273 2497 1438 2560 ubique
1463 2516 1473 2543 τ

224 2597 235 2619 ¹
254 2597 368 2630 Ezech.
391 2609 436 2636 υς,
458 2604 489 2634 4.
507 2597 580 2621 —2
594 2595 713 2632 Matth.
734 2609 785 2637 ιιι,
809 2608 860 2629 12.
878 2614 921 2621 —
939 2594 953 2618 3
975 2597 1024 2630 Id.
1042 2609 1088 2638 ιχ,
1109 2599 1164 2638 37.
1184 2615 1229 2621 -
1246 2596 1261 2620 ⁴
1279 2599 1327 2631 Id.
1351 2610 1424 2635 χιιι,
1447 2608 1504 2638 24.

338 2669 553 2700 cxxxvffl.
1396 2655 1424 2698 8
