1894 3154
313 263 486 296 CONTRA
521 263 765 293 EPiSTOLAM
802 262 1097 302 rARMENiANI,
1138 263 1224 293 [ΛΒ.
1264 264 1314 294 11.
1427 248 1514 310 ¹8⁴4)

151 353 172 374 «
195 332 328 378 Sinite
353 341 533 393 utraque
552 345 737 374 crescere
756 344 890 390 usque
919 326 974 372 ad
1000 327 1202 372 messem1
1228 345 1238 372 :
1260 349 1280 369 ›>
1299 327 1420 389 quasi
1438 326 1516 372 fal-

153 418 222 448 Sus
245 401 373 447 fuerit
389 437 400 456 ‚
431 410 503 445 aut
526 399 616 462 ipse
641 398 862 453 fefellerit,
884 414 985 443 cum
1005 397 1092 443 sola
1114 397 1274 443 zizania
1297 414 1374 459 per
1392 413 1516 442 mun-

154 471 257 518 dum
279 470 493 517 creverint
511 489 521 522 ;
543 469 759 514 frumenta
780 486 880 514 vcro
897 478 1057 531 praeter
1076 478 1243 531 partem
1264 466 1452 522 Donati,
1475 467 1522 511 in

155 553 245 588 toto
270 552 475 588 terrarum
504 540 609 585 orbe
643 538 878 585 defecerint
903 556 913 583 ι
942 537 1160 601 quomodo
1188 538 1269 583 ista
1297 537 1523 582 sentientes

155 612 398 673 glorificant
431 613 596 666 Deum,
638 626 737 655 cum
770 610 982 672 scriptum
1020 610 1073 654 sit
1109 626 1119 652 :
1161 629 1182 649 «
1208 612 1258 652 ln
1294 606 1524 652 latitudine

156 705 178 726 »
196 683 375 744 gentis„
354 682 486 728 oloria
508 681 633 741 regis,
652 681 695 726 in
715 680 1004 726 diminutione
1023 690 1164 725 autem
1184 678 1340 742 populi
1357 678 1526 724 contri-

157 776 179 797 »
202 755 259 800 tio
291 753 559 816 principis2‘)
579 774 597 793 n
632 753 719 797 Aut
740 751 962 815 quomodo
997 768 1084 796 non
1117 760 1328 813 spernunt
1358 750 1521 807 Deum,

158 823 234 887 qui
249 823 517 886 baptismum
535 825 625 881 ejus
641 822 683 867 in
705 821 762 866 eis
779 838 966 884 quorum
986 837 1159 866 causam
1177 837 1262 865 non
1278 818 1424 865 'uldtel
1429 828 1525 875 unt

158 905 200 939 et
222 893 275 938 de
294 893 454 957 quibus
470 891 591 937 nullo
619 891 749 937 modo
770 891 968 951 judicare
989 900 1254 954 potuerunt,
1284 888 1532 935 incredibili

163 964 398 1010 temeritate
426 962 661 1026 impietatis
699 962 920 1007 exsufflant
937 998 947 1017 ‚
972 971 1012 1006 et
1043 961 1125 1006 sibi
1150 960 1312 1005 audent
1335 976 1533 1019 arrogare

160 1032 280 1097 quod
312 1033 393 1078 Dei
414 1042 503 1086 est3
531 1050 552 1077 a
584 1049 625 1076 se
651 1031 878 1077 damnatos
903 1030 946 1076 in
979 1030 1221 1076 honoribus
1246 1029 1421 1090 integris
1452 1045 1532 1092 pro

163 1103 323 1148 Donati
347 1119 456 1165 pace
488 1101 731 1164 recipiunt,
763 1112 805 1147 et
833 1119 854 1147 a
875 1117 916 1147 se
948 1101 1168 1146 inauditos
1197 1111 1347 1146 contra
1379 1116 1534 1163 pacem

164 1173 341 1219 Domini
361 1172 656 1227 detestantnr3
685 1173 901 1236 baptisma
918 1172 962 1217 in
986 1172 1070 1217 illis
1096 1182 1304 1217 terrarum
1336 1170 1536 1234 partibus

164 1260 242 1307 per
267 1242 495 1306 Apostolos
517 1242 722 1288 traditum
748 1243 922 1306 periisse
945 1241 1241 1297 contendunt,
1268 1251 1310 1286 et
1328 1258 1407 1304 per
1429 1239 1533 1285 Feli-

165 1313 339 1359 cianum
363 1313 479 1377 apud
502 1313 834 1358 Maximianistas
857 1313 1062 1358 traditum
1083 1330 1170 1358 non
1189 1312 1365 1375 periisse
1388 1328 1540 1357 conce-

167 1383 305 1429 dunt?
352 1388 449 1429 Jam
497 1401 597 1430 vero
638 1384 862 1448 quomodo
907 1383 1130 1429 Catholici
1170 1400 1258 1428 non
1297 1382 1541 1428 clarificant

168 1453 335 1507 Deum,
375 1453 449 1516 qui
483 1454 692 1517 promissa
728 1458 819 1514 ejus
848 1453 977 1499 nullis
1018 1453 1245 1498 hominum
1280 1451 1538 1507 sceleribus,

169 1523 402 1587 quominus
446 1522 732 1586 implerentur
751 1561 761 1579 ‚
793 1523 997 1587 impediri
1032 1540 1156 1586 posse
1187 1521 1444 1576 confidunt;
1470 1521 1547 1584 qui

170 1604 438 1640 sacramenta
457 1598 546 1653 ejus
572 1594 628 1639 ita
655 1594 802 1640 debita
828 1594 1102 1640 veneratione
1127 1603 1475 1656 prosequuntur,
1497 1601 1546 1637 ut

171 1682 217 1711 ea
236 1665 270 1710 si
294 1664 420 1709 etiam
447 1665 502 1709 ab
522 1664 711 1724 indignis
734 1675 913 1710 tractata
939 1663 1128 1720 fuerint,
1159 1663 1244 1708 illis
1268 1680 1343 1708 sua
1364 1679 1545 1726 perver—

173 1736 294 1781 sitate
312 1734 547 1792 damnatis,
570 1735 643 1780 illa
666 1736 917 1783 intemerata
946 1736 1172 1781 sanctitate
1197 1751 1448 1798 permanere
1466 1732 1546 1779 de-

174 1809 447 1851 monstrent?

241 1876 446 1922 XXXIX.
475 1896 494 1916 «
514 1876 672 1921 Iterum
692 1914 702 1932 ‚
731 1876 963 1940 inquiunt,
1001 1875 1215 1939 scriptum
1238 1884 1300 1920 est
1327 1891 1337 1919 ε
1365 1871 1548 1918 «Nolite

177 1968 198 1988 »
216 1945 537 1991 communicare
562 1947 768 2009 operibus
786 1946 1064 1993 infructuosis
1082 1946 1358 1992 tenebrarum
1377 1981 1388 2001 ‚
1416 1943 1550 2003 magis

178 2037 198 2058 »
218 2025 359 2061 autem
383 2015 626 2075 redarguite
639 2016 671 2063 3.
697 2038 717 2058 ›>
746 2017 858 2073 Quae
876 2018 989 2062 enim
1011 2017 1125 2062 fiunt
1147 2016 1203 2061 ab
1228 2015 1332 2078 ipsis
1348 2014 1549 2068 latenter,

180 2097 305 2150 turpe
325 2096 445 2131 estet
469 2085 624 2132 dicere.
647 2108 666 2128 >³
695 2090 716 2133 J
724 2105 791 2132 am
816 2087 910 2149 ipsa
937 2086 1068 2132 verba
1091 2084 1463 2150 quemadmodum
1481 2084 1554 2127 in-

179 2156 407 2216 telligenda
430 2155 514 2201 sint
547 2155 731 2202 diximus
749 2195 760 2213 ,
789 2157 888 2220 quia
916 2174 1002 2202 non
1028 2155 1350 2201 communicare
1378 2164 1440 2199 est
1462 2169 1551 2198 non

182 2226 419 2273 consentire
447 2243 456 2271 ε
488 2225 607 2289 quod
638 2238 819 2290 propter
856 2226 1059 2272 Ecclesiae
1090 2224 1364 2287 disciplinam
1391 2239 1551 2286 parum

183 2307 267 2353 est,
309 2297 388 2342 nisi
421 2296 549 2342 etiam
586 2296 930 2357 redarguantur,
974 2306 1021 2340 ut
1054 2295 1212 2354 corrigi
1245 2295 1425 2357 possint.
1474 2291 1558 2338 Sed

184 2368 284 2413 haec
318 2367 434 2413 salva
478 2384 585 2430 pace
622 2367 817 2413 facienda
855 2377 984 2423 sunt,
1034 2377 1075 2411 et
1115 2376 1326 2428 quantum
1369 2363 1560 2410 admittit

187 2436 380 2482 officium
414 2437 723 2483 conservandae
762 2436 964 2493 unitatis,
1005 2453 1058 2481 nc
1093 2435 1223 2482 simul
1248 2435 1491 2481 eradicetur
1521 2443 1563 2480 et

190 2517 399 2554 triticum.

216 2590 250 2636 *¹
270 2587 388 2624 Manli.
409 2602 481 2632 2111,
501 2593 551 2623 30.
570 2609 609 2615 —
629 2590 643 2613 ‘²
660 2593 758 2626 Prov.
779 2601 845 2631 xiv,
863 2591 921 2626 28.
938 2609 979 2614 —
994 2587 1008 2611 3
1030 2589 1143 2634 l‘phes.
1164 2601 1191 2629 v,
1211 2601 1262 2623 11.
