1894 3154
322 230 376 260 DE
415 229 632 260 Barnsno
669 228 843 261 coNrRA
878 230 1173 272 nmmrrsus,
1215 231 1303 264 ΗΒ.
1344 232 1404 263 v1.
1479 218 1567 273 421

193 296 507 341 consentientes
538 295 780 349 liaereticis3
820 306 861 341 et
895 296 992 341 ideo
1018 297 1199 343 veniunt
1224 298 1277 343 ad
1302 298 1570 345 catholicam

190 382 344 428 pacem
372 377 500 429 atque
519 366 744 422 unitatem,
771 383 859 411 non
888 376 937 410 ut
951 367 1221 428 baptismum
1241 369 1476 431 accipiant,
1496 369 1570 415 sed

192 447 240 480 ut
263 437 320 481 eis
343 436 543 499 prodesse
566 435 752 498 incipiat
771 436 888 498 quod
918 449 1191 500 acceperant.

254 506 456 552 LXXIX.
483 506 593 550 Item
617 505 723 550 alius
747 506 979 552 Januarius
1003 507 1274 553 Muzulensis
1297 508 1402 553 dixit
1421 526 1431 552 :
1451 529 1471 549 «
1489 511 1575 554 Mi-

190 592 262 621 ror
273 575 391 639 quod
417 593 517 621 cum
537 592 684 621 omnes
707 577 996 622 confiteantur
1016 594 1151 623 unum
1177 595 1263 624 esse
1281 578 1570 641 baptismum,

191 663 278 691 non
296 663 442 692 omnes
467 645 709 706 intelligant
733 647 924 706 eiusdem
943 648 1151 711 baptismi
1178 650 1399 695 unitatem.
1424 649 1573 695 Eccle-

189 717 248 762 sia
269 717 384 762 enim
417 728 460 762 et
486 717 662 762 haeresis
683 717 783 763 duae
809 729 849 763 et
869 719 1048 765 diversae
1068 737 1133 765 res
1160 731 1274 765 sunt.
1306 721 1351 766 Si
1373 720 1572 767 haeretici

188 787 354 832 habent
374 787 611 852 baptisma,
633 805 710 833 nos
734 805 823 833 non
847 789 1061 834 habemus
1091 808 1108 837 ⁰.
1141 791 1175 835 si
1198 801 1338 836 autem
1373 807 1451 835 nos
1474 791 1560 836 ha-

187 858 358 911 bemus,
387 858 584 904 haeretici
602 859 763 904 habere
781 877 868 905 non
888 871 1084 923 possunt.
1107 861 1303 906 Dubium
1322 871 1463 906 autem
1482 878 1572 906 non

187 939 263 982 est,
288 929 523 974 Ecclesiam
552 929 686 975 solam
712 931 984 993 baptismum
1017 931 1183 977 Christi
1214 931 1446 994 possidere,
1467 948 1567 995 quae

186 998 274 1044 sola
297 999 513 1061 possideat
537 1009 578 1043 et
602 1000 781 1059 gratiam
808 1001 973 1046 Christi
994 1011 1035 1046 et
1060 1002 1299 1048 veritatem.
1325 1024 1345 1043 »

248 1071 426 1116 LXXX.
457 1071 603 1116 Posset
627 1071 734 1117 alius
761 1072 957 1117 similiter
983 1071 1127 1118 dicere
1147 1110 1158 1128 ,
1190 1083 1230 1118 et
1255 1073 1451 1119 similiter
1479 1090 1568 1119 non

186 1157 335 1185 verum
353 1141 496 1186 dicere
518 1159 529 1186 :
556 1142 693 1187 Miror
710 1142 828 1205 quod
842 1160 942 1188 cum
959 1160 1106 1188 omnes
1119 1144 1411 1189 confiteantur
1429 1160 1568 1189 unum

188 1227 275 1255 esse
292 1211 560 1274 baptismum
579 1249 589 1267 ‚
617 1229 705 1257 non
728 1230 874 1258 omnes
887 1213 1130 1272 intelligant
1149 1213 1338 1273 ejusdem
1359 1214 1572 1276 baptismi

186 1282 412 1328 unitatem.
454 1283 630 1327 Justitia
663 1284 774 1328 enim
809 1294 850 1328 et
872 1284 1079 1346 iniquitas
1103 1284 1203 1330 duae
1226 1294 1267 1329 et
1298 1284 1478 1330 diversae
1501 1301 1568 1330 res

185 1362 298 1397 sunt.
333 1352 377 1396 Si
406 1352 545 1415 iniqui
581 1352 746 1397 habent
772 1353 988 1416 baptisma
1006 1391 1016 1409 ,
1034 1355 1142 1413 justi
1177 1371 1264 1399 non
1292 1354 1456 1399 habent
1480 1372 1490 1399 :
1533 1356 1569 1400 si

184 1422 442 1482 autemjusti
462 1422 645 1475 habent,
672 1423 812 1485 iniqui
839 1423 1001 1468 habere
1026 1440 1113 1468 non
1136 1435 1331 1486 possunt.
1366 1425 1565 1470 Dubium

183 1504 324 1539 autem
348 1510 435 1537 non
458 1504 537 1546 est.
561 1497 697 1552 justos
722 1494 833 1539 solos
853 1494 1125 1557 baptismum
1144 1496 1305 1541 christi
1325 1496 1561 1558 possidere,

181 1564 257 1628 qui
273 1563 347 1608 soli
378 1563 622 1625 possideant
655 1574 695 1607 et
717 1565 898 1623 gratiam
926 1564 1093 1609 Christi
1118 1575 1157 1610 et
1185 1565 1423 1612 veritatem.
1465 1566 1561 1611 Hoc

184 1644 296 1679 certe
317 1632 471 1678 falsum
498 1644 584 1688 est,
624 1633 706 1678 illis
731 1651 907 1697 quoque
943 1633 1194 1680 fatentibus.
1231 1636 1286 1680 Et
1308 1635 1371 1680 illi
1397 1636 1564 1699 quippe

182 1703 319 1749 invidi
343 1703 420 1766 qui
449 1714 549 1748 sunt
573 1721 619 1748 ex
651 1714 775 1766 parte
804 1703 968 1749 diaboli
994 1705 1110 1749 intus
1136 1704 1293 1767 positi,
1321 1706 1431 1751 sicut
1459 1705 1567 1751 dicit

184 1774 450 1837 Cyprianus,
480 1784 608 1837 atque
634 1774 829 1837 apostolo
856 1774 995 1819 Paulo
1025 1775 1267 1830 notissimi,
1292 1775 1564 1839 baptismum

181 1845 409 1890 habebant
434 1863 443 1889 :
469 1862 546 1890 nec
573 1845 625 1890 ad
652 1846 848 1891 membra
868 1845 984 1890 illius
1002 1845 1224 1891 columbae
1245 1863 1345 1909 quae
1364 1847 1410 1892 in
1436 1858 1563 1910 petra

183 1926 277 1960 tuta
300 1926 360 1960 est
384 1916 680 1979 pertinebant.

247 1986 450 2032 LXXXI.
484 1985 727 2049 Adelphius
753 2004 775 2031 a
804 1985 1045 2031 Thasbalte
1080 1985 1221 2030 dixit:
1256 2006 1275 2026 «
1306 1986 1406 2031 Sine
1436 2003 1565 2032 causa

182 2056 356 2119 quidem
377 2056 481 2101 falso
500 2067 541 2101 et
559 2055 775 2101 invidioso
800 2055 935 2102 verbo
951 2055 1213 2117 impugnant
1231 2056 1455 2101 veritatem
1477 2093 1488 2112 ‚
1516 2067 1565 2101 ut

183 2127 451 2189 rebaptizare
477 2144 555 2171 nos
580 2126 728 2171 dicant
747 2163 757 2180 ‚
783 2125 959 2188 quando
990 2124 1181 2169 Ecclesia
1217 2123 1446 2170 haereticos
1474 2142 1564 2171 non

182 2196 437 2259 rebaptizet.
461 2196 534 2241 sed
557 2196 767 2261 baptizet.

246 2268 472 2312 LXXXII.
503 2268 643 2312 Immo
666 2284 766 2312 vero
794 2266 924 2321 modo
948 2282 1036 2311 non
1061 2267 1335 2330 rebaptizat3
1361 2267 1463 2331 quia
1480 2268 1563 2313 nisi

183 2354 252 2383 eos
274 2338 348 2400 qui
372 2337 579 2399 baptizati
604 2354 689 2382 non
712 2348 828 2386 sunt,
856 2354 940 2381 non
969 2336 1192 2398 baptizat;
1221 2354 1349 2400 quam
1374 2354 1561 2383 consue-

182 2408 375 2452 tudinem
395 2408 648 2452 anteriorem
674 2406 809 2470 perfer
823 2419 861 2451 ta
881 2406 1128 2465 diligentius
1148 2408 1302 2452 veritas
1316 2428 1325 2451 ‹
1341 2408 1440 2452 tiam
1457 2426 1559 2453 son-

181 2478 283 2523 cilio
306 2479 541 2539 posteriore
567 2478 769 2523 firma-vit.

247 2548 496 2594 Lxxxtll.
539 2548 784 2593 Demetrius
809 2565 832 2593 a
858 2547 1157 2610 Lepti-minus
1193 2547 1332 2594 dixit:
1362 2570 1382 2591 ε(
1410 2550 1558 2597 Unum
