1894 3154
428 253 602 285 CONTRA
637 254 839 286 urrERAs
876 255 1117 297 Parim-xi,
1157 257 1245 290 ΠΒ.
1295 262 1323 290 1.
1485 246 1579 309 469

201 321 278 380 git,
291 320 438 383 dicens
455 339 465 365 ε
481 342 501 362 «-
521 322 718 367 Mortuus
731 333 792 367 est
815 322 903 376 ille,
923 324 997 384 qui
1015 324 1234 386 baptismo
1247 342 1346 371 vero
1361 326 1478 371 nasei
1492 344 1581 372 non

200 392 358 436 meruit
380 409 390 436 :
417 402 612 437 mortuus
626 402 686 436 est
710 392 780 437 ille
807 392 1000 436 similiter
1025 394 1097 454 qui
1125 398 1241 452 justo
1264 396 1484 457 baptismo
1504 414 1580 455 ge-

201 463 334 514 nitus,
357 462 512 508 mixtus
527 473 588 508 est
608 463 819 508 traditori.
852 486 872 504 υ
896 462 941 507 Si
955 480 1053 522 ergo
1069 465 1398 510 Maximianistae
1419 468 1580 513 mortui

201 549 287 577 non
310 543 412 577 sunt
429 569 440 588 ‚
464 550 543 578 cur
559 532 603 577 in
619 531 814 594 plenario
832 533 1017 577 coneilio
1035 550 1112 578 suo
1130 533 1300 588 dicunu
1326 536 1444 597 quod
1461 557 1478 575 α
1499 538 1580 581 Eo-

200 620 296 648 rum
320 604 594 666 pereuntium
612 602 837 648 funeribus
853 603 980 665 plena
995 615 1096 648 sunt
1115 603 1260 649 littora
1278 607 1296 650 Ξ)
1323 626 1343 646 »
1370 605 1414 650 Si
1436 616 1578 651 autem

201 673 363 717 mortui
382 684 499 727 sunt,
524 671 638 717 unde
659 672 765 717 vivit
779 672 994 735 baptisma
1014 673 1132 736 quod
1145 673 1387 720 dederunt?
1411 675 1580 720 Deinde

201 743 235 787 si
247 743 529 788 Maximianus
547 753 746 787 mortuus
772 760 860 787 non
884 754 966 789 est.
996 760 1130 806 quare
1150 756 1250 806 post
1273 741 1394 790 illum
1421 745 1579 808 rebap-

203 813 391 859 tizatur?
414 813 459 858 Si
484 824 624 858 autem
639 824 922 867 mortuusest‚
942 831 1074 876 quare
1088 831 1186 859 eum
1202 815 1276 860 illo
1294 832 1382 860 non
1396 827 1455 860 est
1470 833 1581 860 mor-

203 894 300 928 tuus
315 883 553 929 Felicianus
581 884 839 928 Mustitanus
857 884 1082 929 ordinator
1099 889 1189 944 ejus
1205 922 1215 940 ‚
1242 896 1283 930 et
1309 902 1407 930 cum
1435 886 1577 930 neseio

195 971 283 1017 quo
301 954 507 999 traditore
527 953 631 999 Afro
646 954 809 1013 collega
836 955 943 999 mori
957 956 1102 1017 potuit
1117 956 1433 1000 transmarinus
1449 959 1466 1000 ἒ)
1489 958 1576 1000 Aut

196 1025 229 1069 si
253 1035 293 1070 et
330 1025 422 1087 ipse
445 1036 638 1069 mortuus
657 1035 734 1077 est,
754 1024 868 1069 unde
883 1041 980 1069 cum
1002 1024 1076 1069 illo
1095 1024 1213 1087 apud
1227 1035 1266 1069 te
1282 1025 1436 1069 vivunt
1456 1025 1574 1069 intus

196 1111 284 1140 non
306 1095 580 1158 rebaptizati,
609 1095 684 1158 qui
709 1095 764 1140 ab
790 1094 863 1140 illo
892 1105 1065 1140 mortuo
1086 1095 1189 1140 {laris
1210 1106 1311 1140 sunt
1334 1095 1576 1157 baptizati?

260 1165 424 1211 XVIII.
472 1164 637 1209 Deinde
681 1165 912 1224 subjunxit
939 1183 949 1209 ε
980 1186 1000 1205 «
1041 1166 1181 1210 Ambo
1205 1166 1340 1210 vitam
1365 1165 1573 1227 baptismi

195 1251 283 1279 non
305 1234 484 1287 habent,
505 1245 546 1280 et
573 1235 648 1296 qui
668 1251 895 1297 nunquam
922 1235 1095 1297 penitus
1122 1235 1299 1289 habuit,
1329 1245 1370 1279 et
1391 1235 1468 1297 qui
1490 1234 1574 1278 ha-

195 1304 294 1348 buit
315 1314 356 1349 et
378 1303 532 1350 amisit.
566 1305 803 1367 *Nunquam
838 1321 937 1363 ergo
971 1304 1146 1352 habuit.
1174 1322 1304 1367 quem
1343 1305 1576 1349 Maximia-

195 1373 304 1418 nista
347 1373 590 1418 Felicianus
611 1383 685 1418 aut
707 1375 984 1419 Praetextatus
1000 1374 1102 1419 foris
1117 1375 1468 1437 baptizaverunt,
1491 1373 1576 1436 ipsi

196 1455 337 1490 autem
377 1443 498 1507 quod
540 1444 793 1489 habuerunt
811 1481 822 1499 ‚
866 1445 1114 1492 amiserunt.
1156 1444 1344 1501 Quando
1383 1461 1482 1504 ergo
1505 1444 1575 1489 isti

196 1531 295 1559 cum
331 1514 416 1559 suis
433 1514 596 1576 recepti
635 1525 755 1569 sunt,
784 1514 879 1576 quis
902 1514 1022 1560 dedit
1047 1516 1104 1560 eis
1146 1532 1252 1577 quos
1272 1515 1571 1577 baptizarunt,

195 1583 314 1646 quod
338 1601 426 1629 non
445 1583 694 1636 habebant3
716 1595 757 1629 et
782 1585 879 1647 quis
915 1585 1017 1646 ipsis
1048 1584 1238 1629 reddidit
1262 1584 1382 1647 quod
1419 1585 1575 1630 amise-

194 1657 322 1699 rant?
369 1653 413 1698 Si
439 1663 584 1697 autem
630 1652 814 1699 formam
850 1654 1057 1715 baptismi
1091 1671 1235 1699 secum
1277 1654 1568 1708 abstulerunt,

194 1725 396 1769 virtutem
413 1734 553 1768 autem
573 1724 709 1786 ipsam
726 1725 932 1787 baptismi
957 1742 1034 1787 per
1061 1725 1224 1770 malum
1246 1725 1434 1770 schisma
1457 1726 1571 1769 ami-

194 1806 358 1848 serunt,
383 1811 462 1839 cur
484 1794 622 1855 ipsam
646 1793 850 1849 formam,
877 1811 978 1857 quae
997 1811 1164 1857 semper
1182 1805 1223 1839 et
1235 1795 1397 1857 ubique
1422 1805 1570 1840 sancta

194 1876 272 1919 est,
295 1865 484 1910 exsufflas
503 1864 549 1908 in
573 1863 802 1909 catholicis
817 1881 925 1927 quos
940 1882 1023 1909 uon
1039 1864 1212 1919 audisti,
1237 1874 1277 1909 et
1290 1865 1334 1909 in
1352 1864 1572 1909 Maximia-

193 1935 317 1980 nistis
334 1934 602 1997 amplecteris
616 1951 723 1996 quos
744 1935 940 1997 punisti?

257 2006 377 2050 XIX.
402 2003 628 2066 Quidquid
653 2014 795 2048 autem
823 2004 876 2049 de
895 2003 1006 2048 Juda
1025 2003 1226 2049 traditore
1246 2004 1474 2049 criminose
1492 2005 1575 2050 sibi

193 2073 334 2120 dicere
359 2075 471 2119 visus
499 2085 578 2126 est,
605 2074 658 2118 ad
680 2091 758 2119 nos
782 2073 890 2136 quid
927 2075 1132 2136 pertinet,
1158 2075 1234 2136 qui
1269 2091 1407 2136 neque
1431 2075 1487 2119 ab
1514 2075 1572 2119 eis

192 2144 435 2206 probamur
453 2142 680 2187 traditores
696 2180 706 2198 ‚
729 2160 868 2206 neque
887 2144 921 2188 si
935 2143 1178 2206 aliquorum
1203 2155 1297 2189 ante
1317 2162 1392 2189 nos
1410 2144 1453 2190 in
1467 2163 1570 2191 nos-

194 2224 258 2258 tra
279 2214 583 2259 communione
605 2213 910 2259 defunctorum
935 2215 1109 2260 traditio
1135 2216 1411 2277 probaretur,
1439 2217 1568 2261 etiam

192 2284 286 2346 ipsa
317 2301 391 2328 nos
418 2284 666 2346 improbata
701 2295 742 2329 et
780 2284 1014 2346 displicens
1043 2285 1170 2329 nobis
1211 2284 1351 2348 aliqua
1379 2302 1426 2330 ex
1449 2297 1572 2348 parte

193 2353 456 2399 macularet?
479 2354 522 2398 Si
542 2353 656 2398 enim
683 2354 765 2417 ipsi
791 2354 1005 2399 damnatis
1030 2372 1051 2399 a
1077 2371 1118 2399 se
1135 2355 1391 2400 criminibus
1422 2366 1464 2401 et
1499 2374 1570 2402 re-

193 2424 328 2486 ceptis
346 2441 429 2468 non
457 2424 750 2479 maculantur,
789 2436 951 2487 quanto
973 2425 1115 2469 minus
1148 2442 1224 2470 nos
1244 2425 1402 2470 auditis
1424 2437 1464 2470 et
1486 2426 1573 2472 im-

193 2493 389 2556 probatis
433 2494 637 2540 maculari
679 2495 920 2556 poterimus
941 2498 959 2540 ἓ
1005 2495 1341 2551 Quantumlibet
1384 2513 1483 2555 ergo
1526 2497 1570 2541 in

193 2563 420 2609 traditores
437 2564 690 2620 invehatur,
711 2565 889 2611 totidem
918 2565 1058 2609 verbis
1081 2581 1149 2609 eos
1185 2575 1226 2609 et
1248 2582 1269 2608 a
1293 2582 1360 2609 me
1389 2565 1569 2628 deputet
