1894 3154
565 267 620 296 DE
654 265 908 305 TRINlTATE,
946 264 1033 295 Lm.
1075 264 1146 295 xv.
1496 247 1558 309 89

195 343 281 379 met
301 331 480 377 similem
496 349 507 383 ;
523 329 595 375 sed
618 330 765 392 potius
784 330 830 374 in
851 327 1162 392 qualicumque
1181 325 1262 372 ista
1281 326 1561 373 similitudine

196 419 394 460 magnam
426 416 600 463 quoque
625 398 1016 444 dissimilitudinem
1039 407 1212 452 cernat,
1234 407 1448 460 quantum
1474 413 1561 442 esse

198 471 296 515 satis
317 469 548 515 videbatur
569 468 788 513 admonui.

260 540 352 584 XL.
381 538 490 582 Sane
504 539 641 581 Deum
651 538 843 592 Patrem,
858 547 900 582 et
913 537 1054 582 Deum
1068 534 1245 591 Filium,
1258 533 1305 580 id
1323 544 1401 589 est,
1419 534 1562 578 Deum

195 606 429 666 genitorem
451 606 526 668 qui
545 606 690 650 omnia
711 622 811 668 quae
836 604 1174 651 substantialiter
1191 604 1345 659 habet,
1378 603 1424 648 in
1444 618 1563 647 coae-

199 687 315 720 terno
333 675 415 720 sibi
428 675 571 719 Verbo
583 691 658 720 suo
669 674 754 719 dixi
761 685 774 719 t
786 674 978 738 quodam
994 672 1143 728 modo,
1160 683 1202 718 et
1217 672 1361 736 ipsum
1371 670 1567 716 Verbum

194 749 284 804 ejus
303 746 461 799 Deum,
484 745 560 806 qui
584 761 662 789 nec
687 744 786 806 plus
822 761 900 789 nec
926 743 1068 788 minus
1088 741 1256 804 aliquid
1278 741 1414 786 habet
1438 739 1568 784 etiam

193 814 285 877 ipse
303 814 654 868 substantialiter,
678 830 808 876 quam
826 813 945 877 quod
963 823 1024 858 est
1041 812 1085 857 in
1100 811 1175 857 illo
1185 811 1263 874 qui
1277 810 1470 855 Verbum
1480 825 1569 853 non

197 883 474 938 mendaciter,
486 883 557 928 sed
569 884 775 928 veraciter
785 879 1322 945 genuit,quemadmodum
1333 879 1571 941 potui,non

196 963 242 997 ut
265 953 375 998 illud
390 957 480 1011 jam
500 952 606 997 facie
626 952 680 997 ad
694 951 895 1006 faciem&
916 951 988 996 sed
1004 967 1084 1014 per
1102 950 1220 995 banc
1242 946 1571 993 similitudinem

193 1022 238 1066 in
255 1022 481 1081 aenigmate
504 1021 957 1083 quantulumcumque
992 1017 1267 1079 conjiciendo
1286 1016 1505 1062 videretur
1524 1015 1572 1061 in

194 1092 396 1136 memoria
407 1090 739 1150 etintelligentia
755 1090 909 1135 mentis
923 1100 1097 1145 nostrae,
1120 1088 1362 1147 significare
1381 1085 1531 1131 curavi
1553 1101 1564 1128 ε

196 1161 413 1205 memoriae
439 1160 632 1204 tribuens
652 1176 778 1204 omne
797 1158 918 1222 quod
943 1160 1124 1211 scimus,
1155 1156 1283 1202 etiam
1302 1156 1337 1200 si
1359 1171 1446 1200 non
1467 1152 1570 1199 inde

196 1230 450 1287 cogitemus,
478 1229 772 1287 intelligentiae
790 1245 890 1273 vero
930 1227 1112 1291 proprio
1134 1225 1266 1271 modo
1287 1224 1477 1287 quodam
1491 1238 1571 1267 co-

196 1298 414 1355 gitationis
442 1297 809 1343 informationem.
854 1296 1096 1356 Cogitando
1137 1295 1251 1340 enim
1278 1292 1398 1357 quod
1418 1307 1572 1338 verum

196 1367 499 1422 invenerimus,
526 1367 612 1412 hoc
633 1367 814 1412 maxime
833 1366 1068 1426 intelligere
1083 1365 1290 1420 dicimur,
1308 1373 1349 1408 et
1364 1362 1451 1407 hoc
1467 1360 1572 1424 qui-

197 1435 293 1480 dem
317 1436 360 1481 in
389 1437 591 1481 memoria
616 1453 763 1480 rursus
784 1436 1082 1498 relinquimus.
1112 1433 1195 1479 Sed
1218 1433 1291 1478 illa
1314 1442 1375 1477 est
1394 1431 1571 1476 abstru-

197 1507 282 1551 sior
305 1506 581 1570 profunditas
599 1516 757 1551 nostrae
771 1506 1010 1562 memoriae,
1031 1505 1110 1550 ubi
1126 1505 1214 1549 hoc
1232 1503 1361 1548 etiam
1378 1500 1572 1564 primum

197 1594 297 1621 cum
311 1577 595 1636 cogitaremus
609 1576 869 1631 invenimus,
890 1586 930 1620 et
947 1575 1135 1635 gignitur
1152 1575 1353 1618 intimum
1369 1571 1568 1623 verbum,

197 1645 316 1707 quod
338 1645 496 1691 nullius
516 1645 678 1704 linguae
712 1645 782 1698 sit,
813 1655 1022 1706 tanquam
1058 1642 1234 1688 scientia
1252 1642 1305 1686 de
1327 1639 1503 1685 scientia
1529 1647 1572 1682 et

197 1715 302 1759 visio
339 1715 392 1760 de
410 1715 589 1770 visione,
613 1724 654 1758 et
680 1713 962 1773 intelligentia
983 1729 1082 1776 quae
1120 1721 1303 1774 apparet
1330 1710 1376 1755 in
1402 1707 1570 1767 cogita-

197 1785 331 1840 tione,
355 1784 408 1829 de
441 1784 721 1843 intelligentia
754 1800 853 1846 quae
892 1785 939 1828 in
973 1782 1180 1827 memoria
1198 1785 1291 1839 jam
1309 1779 1470 1833 fuerat,
1495 1775 1568 1821 sed

196 1854 362 1900 latebat
383 1872 392 1899 ε
410 1871 661 1917 quanquam
682 1854 833 1916 etipsa
859 1853 1064 1913 cogitatio
1080 1850 1316 1914 quamdam
1340 1864 1462 1893 suam
1485 1862 1572 1890 me-

197 1925 377 1969 moriam
397 1925 478 1969 nisi
495 1925 694 1979 haberet,
716 1941 804 1968 non
823 1932 1107 1969 reverteretur
1131 1921 1186 1966 ad
1203 1937 1251 1966 ea
1272 1935 1372 1982 quae
1394 1917 1441 1962 in
1473 1932 1569 1960 me-

197 1995 331 2040 moria
353 1994 601 2057 reliquerat,
631 2010 732 2039 cum
755 1993 833 2038 alia
856 1994 1076 2053 cogitaret.

260 2065 378 2110 XLI.
407 2065 471 2108 De
490 2064 656 2126 Spiritu
678 2073 821 2108 autem
853 2073 1001 2108 sancto
1027 2060 1140 2106 nihil
1162 2061 1207 2104 in
1226 2059 1314 2104 hoc
1345 2056 1572 2115 aenigma‘te

196 2134 317 2198 quod
330 2135 367 2180 ei
381 2134 515 2179 simile
534 2134 750 2179 videretur
769 2132 953 2187 ostendi,
975 2131 1057 2176 nisi
1070 2131 1338 2175 voluntatem
1357 2136 1567 2180 nostram,

197 2204 261 2249 vel
289 2220 477 2248 amorem
499 2220 571 2248 seu
595 2203 870 2248 dilectionem
894 2218 994 2264 quae
1011 2199 1224 2245 valentior
1256 2207 1318 2242 est
1338 2196 1568 2242 voluntas:

199 2273 408 2336 quoniam
429 2272 630 2317 voluntas
664 2283 810 2317 nostra
834 2288 934 2335 quae
958 2269 1083 2314 nobis
1097 2266 1349 2312 naturaliter
1366 2265 1491 2319 inest,
1514 2263 1568 2308 si-

200 2353 273 2387 cut
293 2343 330 2387 ei
355 2359 418 2386 res
445 2341 711 2401 adjacuerint
739 2341 807 2386 vel
842 2338 1139 2392 occurrerint,
1168 2336 1329 2398 quibus
1358 2333 1573 2379 allicimur

201 2423 276 2458 aut
300 2411 584 2466 offendimur,
612 2411 673 2457 ita
695 2411 834 2456 varias
863 2408 1103 2455 affectiones
1132 2406 1283 2451 habet.
1313 2402 1434 2460 Quid
1471 2418 1571 2461 ergo

199 2485 289 2527 est?
312 2480 527 2543 numquid
541 2480 704 2527 dicturi
723 2497 871 2527 sumus
883 2478 1151 2525 voluntatem
1168 2485 1378 2530 nostram,
1399 2471 1574 2536 quando

249 2565 259 2586 ¹
285 2575 297 2594 1
316 2564 390 2594 Cor.
409 2573 555 2601 x111,12.
