<?xml version="1.0" encoding="UTF-8"?>
<!DOCTYPE html PUBLIC "-//W3C//DTD XHTML 1.0 Transitional//EN"
    "http://www.w3.org/TR/xhtml1/DTD/xhtml1-transitional.dtd">
<html xmlns="http://www.w3.org/1999/xhtml" xml:lang="en" lang="en">
 <head>
  <title>
</title>
<meta http-equiv="Content-Type" content="text/html;charset=utf-8" />
  <meta name='ocr-system' content='tesseract 3.04.00' />
  <meta name='ocr-capabilities' content='ocr_page ocr_carea ocr_par ocr_line ocrx_word'/>
</head>
<body>
  <div class='ocr_page' id='page_1' title='image "./operaomniaaccura31auguuoft_0220.png"; bbox 0 0 1894 3154; ppageno 0'>
   <div class='ocr_carea' id='block_1_1' title="bbox 350 269 1734 2580">
    <p class='ocr_par' dir='ltr' id='par_1_1' title="bbox 352 269 1728 888">
     <span class='ocr_line' id='line_1_1' title="bbox 357 269 1337 301; baseline -0.002 0"><span class='ocrx_word' id='word_1_1' title='bbox 357 271 447 301; x_wconf 89' lang='lat'>210</span> <span class='ocrx_word' id='word_1_2' title='bbox 779 271 813 300; x_wconf 87' lang='lat' dir='ltr'>s.</span> <span class='ocrx_word' id='word_1_3' title='bbox 857 269 1097 299; x_wconf 60' lang='lat' dir='ltr'>Are-[smmi</span> <span class='ocrx_word' id='word_1_4' title='bbox 1137 270 1337 299; x_wconf 73' lang='lat' dir='ltr'>nriseoi‘i</span> 
     </span>
     <span class='ocr_line' id='line_1_2' title="bbox 353 334 1722 398; baseline -0.001 -17"><span class='ocrx_word' id='word_1_5' title='bbox 353 336 674 392; x_wconf 83' lang='lat' dir='ltr'>anathematur,</span> <span class='ocrx_word' id='word_1_6' title='bbox 702 335 838 380; x_wconf 88' lang='lat' dir='ltr'>aliena</span> <span class='ocrx_word' id='word_1_7' title='bbox 856 345 930 381; x_wconf 84' lang='lat' dir='ltr'>est.</span> <span class='ocrx_word' id='word_1_8' title='bbox 973 336 1097 381; x_wconf 75' lang='lat' dir='ltr'>&#39;func</span> <span class='ocrx_word' id='word_1_9' title='bbox 1127 346 1267 380; x_wconf 83' lang='lat' dir='ltr'>autem</span> <span class='ocrx_word' id='word_1_10' title='bbox 1295 334 1472 394; x_wconf 78' lang='lat' dir='ltr'>adjuvat</span> <span class='ocrx_word' id='word_1_11' title='bbox 1509 335 1722 398; x_wconf 70' lang='lat' dir='ltr'>praeposi-</span> 
     </span>
     <span class='ocr_line' id='line_1_3' title="bbox 356 405 1720 470; baseline -0.003 -18"><span class='ocrx_word' id='word_1_12' title='bbox 356 417 447 452; x_wconf 85' lang='lat' dir='ltr'>tum</span> <span class='ocrx_word' id='word_1_13' title='bbox 461 407 606 470; x_wconf 83' lang='lat' dir='ltr'>potius</span> <span class='ocrx_word' id='word_1_14' title='bbox 626 405 948 468; x_wconf 75' lang='lat' dir='ltr'>corripientem,</span> <span class='ocrx_word' id='word_1_15' title='bbox 972 421 1101 467; x_wconf 86' lang='lat' dir='ltr'>quam</span> <span class='ocrx_word' id='word_1_16' title='bbox 1121 406 1400 450; x_wconf 82' lang='lat' dir='ltr'>criminosum</span> <span class='ocrx_word' id='word_1_17' title='bbox 1418 405 1679 449; x_wconf 69' lang='lat' dir='ltr'>resistentem</span> <span class='ocrx_word' id='word_1_18' title='bbox 1712 422 1720 448; x_wconf 78' lang='grc' dir='ltr'>ε</span> 
     </span>
     <span class='ocr_line' id='line_1_4' title="bbox 354 474 1725 534; baseline -0.002 -13"><span class='ocrx_word' id='word_1_19' title='bbox 354 486 461 521; x_wconf 91' lang='lat' dir='ltr'>tunc</span> <span class='ocrx_word' id='word_1_20' title='bbox 486 493 528 521; x_wconf 88' lang='lat' dir='ltr'>se</span> <span class='ocrx_word' id='word_1_21' title='bbox 547 476 601 521; x_wconf 84' lang='lat' dir='ltr'>ab</span> <span class='ocrx_word' id='word_1_22' title='bbox 624 478 714 534; x_wconf 85' lang='lat' dir='ltr'>ejus</span> <span class='ocrx_word' id='word_1_23' title='bbox 737 474 1044 533; x_wconf 81' lang='lat' dir='ltr'>conjunctione</span> <span class='ocrx_word' id='word_1_24' title='bbox 1075 474 1303 520; x_wconf 78' lang='lat' dir='ltr'>salubriter</span> <span class='ocrx_word' id='word_1_25' title='bbox 1336 475 1545 529; x_wconf 79' lang='lat' dir='ltr'>continet,</span> <span class='ocrx_word' id='word_1_26' title='bbox 1577 485 1624 519; x_wconf 88' lang='lat' dir='ltr'>ut</span> <span class='ocrx_word' id='word_1_27' title='bbox 1650 491 1725 519; x_wconf 85' lang='lat' dir='ltr'>nec</span> 
     </span>
     <span class='ocr_line' id='line_1_5' title="bbox 355 543 1725 608; baseline -0.002 -17"><span class='ocrx_word' id='word_1_28' title='bbox 355 546 504 592; x_wconf 81' lang='lat' dir='ltr'>cibum</span> <span class='ocrx_word' id='word_1_29' title='bbox 529 545 760 608; x_wconf 88' lang='lat' dir='ltr'>quisquam</span> <span class='ocrx_word' id='word_1_30' title='bbox 792 560 891 588; x_wconf 89' lang='lat' dir='ltr'>cum</span> <span class='ocrx_word' id='word_1_31' title='bbox 931 560 980 588; x_wconf 90' lang='lat' dir='ltr'>eo</span> <span class='ocrx_word' id='word_1_32' title='bbox 1004 554 1161 598; x_wconf 78' lang='lat' dir='ltr'>sumat,</span> <span class='ocrx_word' id='word_1_33' title='bbox 1184 561 1269 589; x_wconf 88' lang='lat' dir='ltr'>non</span> <span class='ocrx_word' id='word_1_34' title='bbox 1290 544 1409 589; x_wconf 67' lang='lat' dir='ltr'>rabie</span> <span class='ocrx_word' id='word_1_35' title='bbox 1436 544 1628 598; x_wconf 87' lang='lat' dir='ltr'>inimica,</span> <span class='ocrx_word' id='word_1_36' title='bbox 1654 543 1725 588; x_wconf 83' lang='lat' dir='ltr'>sed</span> 
     </span>
     <span class='ocr_line' id='line_1_6' title="bbox 355 613 1728 677; baseline -0.002 -16"><span class='ocrx_word' id='word_1_37' title='bbox 355 615 620 661; x_wconf 65' lang='lat' dir='ltr'>coercitione</span> <span class='ocrx_word' id='word_1_38' title='bbox 636 614 837 660; x_wconf 74' lang='lat' dir='ltr'>i&#39;raterna.</span> <span class='ocrx_word' id='word_1_39' title='bbox 863 614 897 657; x_wconf 90' lang='lat' dir='ltr'>T</span> <span class='ocrx_word' id='word_1_40' title='bbox 904 629 988 658; x_wconf 89' lang='lat' dir='ltr'>unc</span> <span class='ocrx_word' id='word_1_41' title='bbox 1007 614 1135 659; x_wconf 82' lang='lat' dir='ltr'>etiam</span> <span class='ocrx_word' id='word_1_42' title='bbox 1157 613 1227 659; x_wconf 87' lang='lat' dir='ltr'>ille</span> <span class='ocrx_word' id='word_1_43' title='bbox 1245 625 1286 659; x_wconf 87' lang='lat' dir='ltr'>et</span> <span class='ocrx_word' id='word_1_44' title='bbox 1310 614 1462 659; x_wconf 87' lang='lat' dir='ltr'>timore</span> <span class='ocrx_word' id='word_1_45' title='bbox 1483 614 1728 677; x_wconf 80' lang='lat' dir='ltr'>percutitur</span> 
     </span>
     <span class='ocr_line' id='line_1_7' title="bbox 352 682 1726 748; baseline -0.001 -17"><span class='ocrx_word' id='word_1_46' title='bbox 352 695 395 731; x_wconf 84' lang='lat' dir='ltr'>et</span> <span class='ocrx_word' id='word_1_47' title='bbox 417 682 586 748; x_wconf 88' lang='lat' dir='ltr'>pudore</span> <span class='ocrx_word' id='word_1_48' title='bbox 615 693 807 739; x_wconf 89' lang='lat' dir='ltr'>sanatur,</span> <span class='ocrx_word' id='word_1_49' title='bbox 835 700 936 729; x_wconf 87' lang='lat' dir='ltr'>cum</span> <span class='ocrx_word' id='word_1_50' title='bbox 958 684 1013 728; x_wconf 89' lang='lat' dir='ltr'>ab</span> <span class='ocrx_word' id='word_1_51' title='bbox 1039 683 1236 729; x_wconf 84' lang='lat' dir='ltr'>universa</span> <span class='ocrx_word' id='word_1_52' title='bbox 1262 683 1454 729; x_wconf 85' lang='lat' dir='ltr'>Ecclesia</span> <span class='ocrx_word' id='word_1_53' title='bbox 1477 701 1519 729; x_wconf 90' lang='lat' dir='ltr'>se</span> <span class='ocrx_word' id='word_1_54' title='bbox 1545 684 1726 729; x_wconf 77' lang='lat' dir='ltr'>anathe-</span> 
     </span>
     <span class='ocr_line' id='line_1_8' title="bbox 353 753 1727 817; baseline 0 -17"><span class='ocrx_word' id='word_1_55' title='bbox 353 765 522 800; x_wconf 82' lang='lat' dir='ltr'>matum</span> <span class='ocrx_word' id='word_1_56' title='bbox 556 753 723 809; x_wconf 69' lang='lat' dir='ltr'>videns,</span> <span class='ocrx_word' id='word_1_57' title='bbox 766 753 926 798; x_wconf 83' lang='lat' dir='ltr'>sociam</span> <span class='ocrx_word' id='word_1_58' title='bbox 955 754 1129 799; x_wconf 89' lang='lat' dir='ltr'>turbam</span> <span class='ocrx_word' id='word_1_59' title='bbox 1161 771 1259 800; x_wconf 87' lang='lat' dir='ltr'>cum</span> <span class='ocrx_word' id='word_1_60' title='bbox 1284 771 1369 817; x_wconf 87' lang='lat' dir='ltr'>qua</span> <span class='ocrx_word' id='word_1_61' title='bbox 1393 754 1439 799; x_wconf 90' lang='lat' dir='ltr'>in</span> <span class='ocrx_word' id='word_1_62' title='bbox 1472 753 1630 800; x_wconf 88' lang='lat' dir='ltr'>delicto</span> <span class='ocrx_word' id='word_1_63' title='bbox 1651 771 1727 800; x_wconf 86' lang='lat' dir='ltr'>suo</span> 
     </span>
     <span class='ocr_line' id='line_1_9' title="bbox 353 824 1458 888; baseline 0 -17"><span class='ocrx_word' id='word_1_64' title='bbox 353 824 540 886; x_wconf 82' lang='lat' dir='ltr'>gaudeat</span> <span class='ocrx_word' id='word_1_65' title='bbox 556 835 598 870; x_wconf 86' lang='lat' dir='ltr'>et</span> <span class='ocrx_word' id='word_1_66' title='bbox 622 824 750 870; x_wconf 87' lang='lat' dir='ltr'>bonis</span> <span class='ocrx_word' id='word_1_67' title='bbox 772 824 967 880; x_wconf 83' lang='lat' dir='ltr'>insultet,</span> <span class='ocrx_word' id='word_1_68' title='bbox 989 842 1077 870; x_wconf 88' lang='lat' dir='ltr'>non</span> <span class='ocrx_word' id='word_1_69' title='bbox 1091 836 1232 888; x_wconf 84' lang='lat' dir='ltr'>potest</span> <span class='ocrx_word' id='word_1_70' title='bbox 1254 826 1458 872; x_wconf 82' lang='lat' dir='ltr'>invenire.</span> 
     </span>
    </p>

    <p class='ocr_par' dir='ltr' id='par_1_2' title="bbox 350 894 1734 2580">
     <span class='ocr_line' id='line_1_10' title="bbox 419 894 1729 959; baseline -0.002 -17"><span class='ocrx_word' id='word_1_71' title='bbox 419 895 538 943; x_wconf 82' lang='lat' dir='ltr'>XIV.</span> <span class='ocrx_word' id='word_1_72' title='bbox 567 895 634 941; x_wconf 90' lang='lat' dir='ltr'>Ad</span> <span class='ocrx_word' id='word_1_73' title='bbox 650 895 738 941; x_wconf 87' lang='lat' dir='ltr'>hoc</span> <span class='ocrx_word' id='word_1_74' title='bbox 756 895 872 940; x_wconf 88' lang='lat' dir='ltr'>enim</span> <span class='ocrx_word' id='word_1_75' title='bbox 892 906 934 940; x_wconf 89' lang='lat' dir='ltr'>et</span> <span class='ocrx_word' id='word_1_76' title='bbox 959 896 1051 958; x_wconf 87' lang='lat' dir='ltr'>ipse</span> <span class='ocrx_word' id='word_1_77' title='bbox 1073 896 1307 959; x_wconf 77' lang='lat' dir='ltr'>Apostolus</span> <span class='ocrx_word' id='word_1_78' title='bbox 1329 897 1409 942; x_wconf 88' lang='lat' dir='ltr'>ait:</span> <span class='ocrx_word' id='word_1_79' title='bbox 1435 918 1453 937; x_wconf 93' lang='lat'>«</span> <span class='ocrx_word' id='word_1_80' title='bbox 1476 896 1521 941; x_wconf 86' lang='lat' dir='ltr'>Si</span> <span class='ocrx_word' id='word_1_81' title='bbox 1538 895 1633 959; x_wconf 89' lang='lat' dir='ltr'>quis</span> <span class='ocrx_word' id='word_1_82' title='bbox 1644 894 1729 940; x_wconf 86' lang='lat' dir='ltr'>fra-</span> 
     </span>
     <span class='ocr_line' id='line_1_11' title="bbox 353 965 1731 1030; baseline -0.002 -16"><span class='ocrx_word' id='word_1_83' title='bbox 353 988 376 1010; x_wconf 83' lang='lat'>»</span> <span class='ocrx_word' id='word_1_84' title='bbox 390 977 454 1014; x_wconf 86' lang='lat' dir='ltr'>ter</span> <span class='ocrx_word' id='word_1_85' title='bbox 465 966 714 1013; x_wconf 88' lang='lat' dir='ltr'>nominatur</span> <span class='ocrx_word' id='word_1_86' title='bbox 727 965 760 1013; x_wconf 71' lang='lat'>1.</span> <span class='ocrx_word' id='word_1_87' title='bbox 780 989 799 1008; x_wconf 86' lang='lat'>»</span> <span class='ocrx_word' id='word_1_88' title='bbox 813 967 864 1011; x_wconf 88' lang='lat' dir='ltr'>In</span> <span class='ocrx_word' id='word_1_89' title='bbox 882 983 930 1012; x_wconf 93' lang='lat' dir='ltr'>eo</span> <span class='ocrx_word' id='word_1_90' title='bbox 943 967 1109 1030; x_wconf 84' lang='lat' dir='ltr'>quippe</span> <span class='ocrx_word' id='word_1_91' title='bbox 1120 968 1240 1030; x_wconf 83' lang='lat' dir='ltr'>quod</span> <span class='ocrx_word' id='word_1_92' title='bbox 1251 968 1334 1013; x_wconf 87' lang='lat' dir='ltr'>ait:</span> <span class='ocrx_word' id='word_1_93' title='bbox 1356 988 1376 1010; x_wconf 73' lang='grc' dir='ltr'>ε(</span> <span class='ocrx_word' id='word_1_94' title='bbox 1395 968 1439 1013; x_wconf 84' lang='lat' dir='ltr'>Si</span> <span class='ocrx_word' id='word_1_95' title='bbox 1454 967 1569 1030; x_wconf 74' lang='lat' dir='ltr'>quis,</span> <span class='ocrx_word' id='word_1_96' title='bbox 1584 988 1604 1008; x_wconf 74' lang='lat' dir='ltr'>n</span> <span class='ocrx_word' id='word_1_97' title='bbox 1618 965 1731 1011; x_wconf 86' lang='lat' dir='ltr'>nihil</span> 
     </span>
     <span class='ocr_line' id='line_1_12' title="bbox 356 1035 1727 1100; baseline -0.001 -18"><span class='ocrx_word' id='word_1_98' title='bbox 356 1037 476 1083; x_wconf 86' lang='lat' dir='ltr'>aliud</span> <span class='ocrx_word' id='word_1_99' title='bbox 490 1036 663 1084; x_wconf 86' lang='lat' dir='ltr'>videtur</span> <span class='ocrx_word' id='word_1_100' title='bbox 673 1036 913 1096; x_wconf 80' lang='lat' dir='ltr'>siguificare</span> <span class='ocrx_word' id='word_1_101' title='bbox 928 1036 1127 1091; x_wconf 80' lang='lat' dir='ltr'>voluisse,</span> <span class='ocrx_word' id='word_1_102' title='bbox 1150 1039 1230 1083; x_wconf 87' lang='lat' dir='ltr'>nisi</span> <span class='ocrx_word' id='word_1_103' title='bbox 1250 1055 1345 1084; x_wconf 89' lang='lat' dir='ltr'>eum</span> <span class='ocrx_word' id='word_1_104' title='bbox 1360 1055 1484 1100; x_wconf 85' lang='lat' dir='ltr'>posse</span> <span class='ocrx_word' id='word_1_105' title='bbox 1503 1037 1577 1083; x_wconf 86' lang='lat' dir='ltr'>tali</span> <span class='ocrx_word' id='word_1_106' title='bbox 1594 1035 1727 1082; x_wconf 90' lang='lat' dir='ltr'>modo</span> 
     </span>
     <span class='ocr_line' id='line_1_13' title="bbox 357 1106 1730 1170; baseline -0.001 -17"><span class='ocrx_word' id='word_1_107' title='bbox 357 1107 587 1153; x_wconf 83' lang='lat' dir='ltr'>salubriter</span> <span class='ocrx_word' id='word_1_108' title='bbox 604 1107 779 1165; x_wconf 84' lang='lat' dir='ltr'>corrigi,</span> <span class='ocrx_word' id='word_1_109' title='bbox 799 1107 874 1169; x_wconf 89' lang='lat' dir='ltr'>qui</span> <span class='ocrx_word' id='word_1_110' title='bbox 893 1108 1004 1152; x_wconf 88' lang='lat' dir='ltr'>inter</span> <span class='ocrx_word' id='word_1_111' title='bbox 1021 1106 1245 1153; x_wconf 84' lang='lat' dir='ltr'>dissimiles</span> <span class='ocrx_word' id='word_1_112' title='bbox 1262 1118 1433 1170; x_wconf 86' lang='lat' dir='ltr'>peccat,</span> <span class='ocrx_word' id='word_1_113' title='bbox 1452 1107 1499 1153; x_wconf 90' lang='lat' dir='ltr'>id</span> <span class='ocrx_word' id='word_1_114' title='bbox 1517 1118 1596 1162; x_wconf 89' lang='lat' dir='ltr'>est,</span> <span class='ocrx_word' id='word_1_115' title='bbox 1619 1106 1730 1152; x_wconf 88' lang='lat' dir='ltr'>inter</span> 
     </span>
     <span class='ocr_line' id='line_1_14' title="bbox 356 1176 1721 1240; baseline -0.001 -16"><span class='ocrx_word' id='word_1_116' title='bbox 356 1194 428 1224; x_wconf 87' lang='lat' dir='ltr'>eos</span> <span class='ocrx_word' id='word_1_117' title='bbox 445 1194 553 1240; x_wconf 78' lang='lat' dir='ltr'>quos</span> <span class='ocrx_word' id='word_1_118' title='bbox 564 1186 844 1240; x_wconf 87' lang='lat' dir='ltr'>peccatorum</span> <span class='ocrx_word' id='word_1_119' title='bbox 865 1176 1071 1222; x_wconf 88' lang='lat' dir='ltr'>similium</span> <span class='ocrx_word' id='word_1_120' title='bbox 1091 1178 1336 1240; x_wconf 83' lang='lat' dir='ltr'>pestilentia</span> <span class='ocrx_word' id='word_1_121' title='bbox 1357 1196 1444 1223; x_wconf 89' lang='lat' dir='ltr'>non</span> <span class='ocrx_word' id='word_1_122' title='bbox 1465 1177 1721 1240; x_wconf 84' lang='lat' dir='ltr'>corrumpit.</span> 
     </span>
     <span class='ocr_line' id='line_1_15' title="bbox 352 1246 1727 1311; baseline -0.001 -18"><span class='ocrx_word' id='word_1_123' title='bbox 352 1249 404 1294; x_wconf 89' lang='lat' dir='ltr'>In</span> <span class='ocrx_word' id='word_1_124' title='bbox 415 1265 464 1293; x_wconf 91' lang='lat' dir='ltr'>eo</span> <span class='ocrx_word' id='word_1_125' title='bbox 481 1264 582 1294; x_wconf 87' lang='lat' dir='ltr'>vero</span> <span class='ocrx_word' id='word_1_126' title='bbox 597 1246 716 1311; x_wconf 88' lang='lat' dir='ltr'>quod</span> <span class='ocrx_word' id='word_1_127' title='bbox 734 1247 810 1301; x_wconf 87' lang='lat' dir='ltr'>ait,</span> <span class='ocrx_word' id='word_1_128' title='bbox 834 1247 1102 1304; x_wconf 86' lang='lat' dir='ltr'>nominatur,</span> <span class='ocrx_word' id='word_1_129' title='bbox 1124 1249 1210 1294; x_wconf 86' lang='lat' dir='ltr'>hoe</span> <span class='ocrx_word' id='word_1_130' title='bbox 1227 1248 1433 1294; x_wconf 88' lang='lat' dir='ltr'>nimirum</span> <span class='ocrx_word' id='word_1_131' title='bbox 1452 1247 1632 1307; x_wconf 82' lang='lat' dir='ltr'>intelligi</span> <span class='ocrx_word' id='word_1_132' title='bbox 1653 1264 1727 1292; x_wconf 79' lang='lat' dir='ltr'>vo-</span> 
     </span>
     <span class='ocr_line' id='line_1_16' title="bbox 353 1317 1723 1381; baseline -0.001 -18"><span class='ocrx_word' id='word_1_133' title='bbox 353 1317 453 1374; x_wconf 85' lang='lat' dir='ltr'>luit,</span> <span class='ocrx_word' id='word_1_134' title='bbox 483 1335 639 1381; x_wconf 84' lang='lat' dir='ltr'>parum</span> <span class='ocrx_word' id='word_1_135' title='bbox 659 1334 744 1363; x_wconf 86' lang='lat' dir='ltr'>esse</span> <span class='ocrx_word' id='word_1_136' title='bbox 762 1328 809 1364; x_wconf 87' lang='lat' dir='ltr'>ut</span> <span class='ocrx_word' id='word_1_137' title='bbox 826 1317 859 1363; x_wconf 87' lang='lat' dir='ltr'>si</span> <span class='ocrx_word' id='word_1_138' title='bbox 880 1318 1061 1381; x_wconf 84' lang='lat' dir='ltr'>quisque</span> <span class='ocrx_word' id='word_1_139' title='bbox 1074 1318 1169 1364; x_wconf 88' lang='lat' dir='ltr'>talis</span> <span class='ocrx_word' id='word_1_140' title='bbox 1209 1319 1290 1364; x_wconf 89' lang='lat' dir='ltr'>nisi</span> <span class='ocrx_word' id='word_1_141' title='bbox 1311 1319 1440 1364; x_wconf 87' lang='lat' dir='ltr'>etiam</span> <span class='ocrx_word' id='word_1_142' title='bbox 1460 1318 1723 1373; x_wconf 88' lang='lat' dir='ltr'>nominetur,</span> 
     </span>
     <span class='ocr_line' id='line_1_17' title="bbox 352 1387 1727 1452; baseline -0.001 -18"><span class='ocrx_word' id='word_1_143' title='bbox 352 1387 397 1434; x_wconf 89' lang='lat' dir='ltr'>id</span> <span class='ocrx_word' id='word_1_144' title='bbox 417 1399 496 1444; x_wconf 88' lang='lat' dir='ltr'>est,</span> <span class='ocrx_word' id='word_1_145' title='bbox 522 1387 710 1433; x_wconf 87' lang='lat' dir='ltr'>famosus</span> <span class='ocrx_word' id='word_1_146' title='bbox 735 1398 970 1451; x_wconf 78' lang='lat' dir='ltr'>appareat,</span> <span class='ocrx_word' id='word_1_147' title='bbox 999 1400 1046 1434; x_wconf 89' lang='lat' dir='ltr'>ut</span> <span class='ocrx_word' id='word_1_148' title='bbox 1069 1389 1204 1452; x_wconf 84' lang='lat' dir='ltr'>possit</span> <span class='ocrx_word' id='word_1_149' title='bbox 1235 1389 1438 1434; x_wconf 87' lang='lat' dir='ltr'>omnibus</span> <span class='ocrx_word' id='word_1_150' title='bbox 1476 1388 1727 1448; x_wconf 85' lang='lat' dir='ltr'>dignissima</span> 
     </span>
     <span class='ocr_line' id='line_1_18' title="bbox 352 1457 1719 1522; baseline 0 -19"><span class='ocrx_word' id='word_1_151' title='bbox 352 1457 509 1513; x_wconf 81' lang='lat' dir='ltr'>videri,</span> <span class='ocrx_word' id='word_1_152' title='bbox 538 1474 638 1521; x_wconf 83' lang='lat' dir='ltr'>quae</span> <span class='ocrx_word' id='word_1_153' title='bbox 663 1457 707 1502; x_wconf 90' lang='lat' dir='ltr'>in</span> <span class='ocrx_word' id='word_1_154' title='bbox 723 1474 818 1503; x_wconf 87' lang='lat' dir='ltr'>eum</span> <span class='ocrx_word' id='word_1_155' title='bbox 838 1457 970 1503; x_wconf 86' lang='lat' dir='ltr'>fuerit</span> <span class='ocrx_word' id='word_1_156' title='bbox 995 1459 1282 1504; x_wconf 84' lang='lat' dir='ltr'>anathematis</span> <span class='ocrx_word' id='word_1_157' title='bbox 1304 1459 1476 1522; x_wconf 87' lang='lat' dir='ltr'>prolata</span> <span class='ocrx_word' id='word_1_158' title='bbox 1499 1458 1719 1505; x_wconf 83' lang='lat' dir='ltr'>sententia.</span> 
     </span>
     <span class='ocr_line' id='line_1_19' title="bbox 350 1527 1729 1590; baseline -0.001 -16"><span class='ocrx_word' id='word_1_159' title='bbox 350 1529 419 1576; x_wconf 85' lang='lat' dir='ltr'>lta</span> <span class='ocrx_word' id='word_1_160' title='bbox 445 1527 560 1573; x_wconf 88' lang='lat' dir='ltr'>enim</span> <span class='ocrx_word' id='word_1_161' title='bbox 596 1538 638 1573; x_wconf 91' lang='lat' dir='ltr'>et</span> <span class='ocrx_word' id='word_1_162' title='bbox 671 1527 787 1573; x_wconf 86' lang='lat' dir='ltr'>salva</span> <span class='ocrx_word' id='word_1_163' title='bbox 816 1545 924 1590; x_wconf 84' lang='lat' dir='ltr'>pace</span> <span class='ocrx_word' id='word_1_164' title='bbox 964 1529 1214 1589; x_wconf 79' lang='lat' dir='ltr'>corrigitur,</span> <span class='ocrx_word' id='word_1_165' title='bbox 1249 1540 1290 1575; x_wconf 89' lang='lat' dir='ltr'>et</span> <span class='ocrx_word' id='word_1_166' title='bbox 1321 1547 1409 1574; x_wconf 92' lang='lat' dir='ltr'>non</span> <span class='ocrx_word' id='word_1_167' title='bbox 1442 1528 1729 1574; x_wconf 77' lang='lat' dir='ltr'>interfectorie</span> 
     </span>
     <span class='ocr_line' id='line_1_20' title="bbox 351 1596 1728 1663; baseline -0.001 -19"><span class='ocrx_word' id='word_1_168' title='bbox 351 1598 617 1663; x_wconf 84' lang='lat' dir='ltr'>percutitur,</span> <span class='ocrx_word' id='word_1_169' title='bbox 640 1596 713 1643; x_wconf 89' lang='lat' dir='ltr'>sed</span> <span class='ocrx_word' id='word_1_170' title='bbox 737 1598 1052 1645; x_wconf 85' lang='lat' dir='ltr'>medicinaliter</span> <span class='ocrx_word' id='word_1_171' title='bbox 1071 1599 1226 1646; x_wconf 88' lang='lat' dir='ltr'>uritur.</span> <span class='ocrx_word' id='word_1_172' title='bbox 1257 1601 1494 1663; x_wconf 85' lang='lat' dir='ltr'>Propterea</span> <span class='ocrx_word' id='word_1_173' title='bbox 1519 1610 1560 1645; x_wconf 90' lang='lat' dir='ltr'>et</span> <span class='ocrx_word' id='word_1_174' title='bbox 1579 1599 1632 1644; x_wconf 89' lang='lat' dir='ltr'>de</span> <span class='ocrx_word' id='word_1_175' title='bbox 1653 1598 1728 1644; x_wconf 91' lang='lat' dir='ltr'>illo</span> 
     </span>
     <span class='ocr_line' id='line_1_21' title="bbox 353 1668 1730 1731; baseline -0.004 -13"><span class='ocrx_word' id='word_1_176' title='bbox 353 1669 476 1725; x_wconf 81' lang='lat' dir='ltr'>dixit,</span> <span class='ocrx_word' id='word_1_177' title='bbox 497 1685 628 1731; x_wconf 86' lang='lat' dir='ltr'>quem</span> <span class='ocrx_word' id='word_1_178' title='bbox 649 1668 725 1714; x_wconf 86' lang='lat' dir='ltr'>tali</span> <span class='ocrx_word' id='word_1_179' title='bbox 748 1668 958 1715; x_wconf 86' lang='lat' dir='ltr'>medicina</span> <span class='ocrx_word' id='word_1_180' title='bbox 995 1670 1136 1715; x_wconf 87' lang='lat' dir='ltr'>sanari</span> <span class='ocrx_word' id='word_1_181' title='bbox 1166 1669 1380 1725; x_wconf 82' lang='lat' dir='ltr'>voluerat,</span> <span class='ocrx_word' id='word_1_182' title='bbox 1406 1669 1517 1714; x_wconf 75' lang='lat' dir='ltr'>Satis</span> <span class='ocrx_word' id='word_1_183' title='bbox 1538 1669 1644 1714; x_wconf 87' lang='lat' dir='ltr'>huic</span> <span class='ocrx_word' id='word_1_184' title='bbox 1669 1678 1730 1713; x_wconf 88' lang='lat' dir='ltr'>est</span> 
     </span>
     <span class='ocr_line' id='line_1_22' title="bbox 355 1737 1730 1803; baseline -0.003 -17"><span class='ocrx_word' id='word_1_185' title='bbox 355 1739 572 1803; x_wconf 86' lang='lat' dir='ltr'>correptio</span> <span class='ocrx_word' id='word_1_186' title='bbox 594 1755 696 1802; x_wconf 85' lang='lat' dir='ltr'>quae</span> <span class='ocrx_word' id='word_1_187' title='bbox 722 1739 772 1784; x_wconf 89' lang='lat' dir='ltr'>fit</span> <span class='ocrx_word' id='word_1_188' title='bbox 797 1757 816 1784; x_wconf 87' lang='lat' dir='ltr'>a</span> <span class='ocrx_word' id='word_1_189' title='bbox 842 1739 1002 1786; x_wconf 86' lang='lat' dir='ltr'>multis.</span> <span class='ocrx_word' id='word_1_190' title='bbox 1027 1741 1176 1802; x_wconf 88' lang='lat' dir='ltr'>Neque</span> <span class='ocrx_word' id='word_1_191' title='bbox 1200 1739 1314 1784; x_wconf 80' lang='lat' dir='ltr'>enirn</span> <span class='ocrx_word' id='word_1_192' title='bbox 1347 1749 1490 1802; x_wconf 87' lang='lat' dir='ltr'>potest</span> <span class='ocrx_word' id='word_1_193' title='bbox 1513 1755 1598 1784; x_wconf 88' lang='lat' dir='ltr'>esse</span> <span class='ocrx_word' id='word_1_194' title='bbox 1619 1737 1730 1783; x_wconf 75' lang='lat' dir='ltr'>salu-</span> 
     </span>
     <span class='ocr_line' id='line_1_23' title="bbox 353 1807 1730 1872; baseline -0.004 -16"><span class='ocrx_word' id='word_1_195' title='bbox 353 1810 445 1856; x_wconf 84' lang='lat' dir='ltr'>bris</span> <span class='ocrx_word' id='word_1_196' title='bbox 463 1827 487 1855; x_wconf 91' lang='lat' dir='ltr'>a</span> <span class='ocrx_word' id='word_1_197' title='bbox 511 1809 658 1854; x_wconf 88' lang='lat' dir='ltr'>multis</span> <span class='ocrx_word' id='word_1_198' title='bbox 676 1809 911 1871; x_wconf 85' lang='lat' dir='ltr'>correptio,</span> <span class='ocrx_word' id='word_1_199' title='bbox 948 1809 1028 1855; x_wconf 83' lang='lat' dir='ltr'>nisi</span> <span class='ocrx_word' id='word_1_200' title='bbox 1053 1826 1154 1854; x_wconf 91' lang='lat' dir='ltr'>cum</span> <span class='ocrx_word' id='word_1_201' title='bbox 1179 1808 1249 1854; x_wconf 90' lang='lat' dir='ltr'>ille</span> <span class='ocrx_word' id='word_1_202' title='bbox 1274 1809 1510 1872; x_wconf 81' lang='lat' dir='ltr'>corripitur</span> <span class='ocrx_word' id='word_1_203' title='bbox 1531 1807 1607 1871; x_wconf 86' lang='lat' dir='ltr'>qui</span> <span class='ocrx_word' id='word_1_204' title='bbox 1642 1824 1730 1852; x_wconf 85' lang='lat' dir='ltr'>nou</span> 
     </span>
     <span class='ocr_line' id='line_1_24' title="bbox 354 1877 1730 1940; baseline -0.003 -14"><span class='ocrx_word' id='word_1_205' title='bbox 354 1879 492 1926; x_wconf 86' lang='lat' dir='ltr'>habet</span> <span class='ocrx_word' id='word_1_206' title='bbox 510 1879 669 1925; x_wconf 71' lang='lat' dir='ltr'>seciam</span> <span class='ocrx_word' id='word_1_207' title='bbox 694 1878 1035 1925; x_wconf 82' lang='lat' dir='ltr'>multitudinem.</span> <span class='ocrx_word' id='word_1_208' title='bbox 1057 1880 1168 1924; x_wconf 91' lang='lat' dir='ltr'>Cum</span> <span class='ocrx_word' id='word_1_209' title='bbox 1192 1896 1291 1925; x_wconf 79' lang='lat' dir='ltr'>vero</span> <span class='ocrx_word' id='word_1_210' title='bbox 1310 1878 1422 1924; x_wconf 85' lang='lat' dir='ltr'>idern</span> <span class='ocrx_word' id='word_1_211' title='bbox 1437 1878 1614 1923; x_wconf 83' lang='lat' dir='ltr'>morbus</span> <span class='ocrx_word' id='word_1_212' title='bbox 1632 1877 1730 1940; x_wconf 89' lang='lat' dir='ltr'>plu-</span> 
     </span>
     <span class='ocr_line' id='line_1_25' title="bbox 355 1946 1731 2011; baseline -0.003 -16"><span class='ocrx_word' id='word_1_213' title='bbox 355 1950 489 1996; x_wconf 85' lang='lat' dir='ltr'>rimos</span> <span class='ocrx_word' id='word_1_214' title='bbox 512 1947 811 2011; x_wconf 79' lang='lat' dir='ltr'>occupaverit,</span> <span class='ocrx_word' id='word_1_215' title='bbox 836 1948 945 1993; x_wconf 86' lang='lat' dir='ltr'>nihil</span> <span class='ocrx_word' id='word_1_216' title='bbox 963 1948 1081 1993; x_wconf 88' lang='lat' dir='ltr'>aliud</span> <span class='ocrx_word' id='word_1_217' title='bbox 1100 1948 1226 1993; x_wconf 85' lang='lat' dir='ltr'>bonis</span> <span class='ocrx_word' id='word_1_218' title='bbox 1247 1958 1376 1993; x_wconf 80' lang='lat' dir='ltr'>restat</span> <span class='ocrx_word' id='word_1_219' title='bbox 1395 1965 1526 2010; x_wconf 87' lang='lat' dir='ltr'>quam</span> <span class='ocrx_word' id='word_1_220' title='bbox 1551 1946 1674 1992; x_wconf 87' lang='lat' dir='ltr'>dolor</span> <span class='ocrx_word' id='word_1_221' title='bbox 1689 1957 1731 1991; x_wconf 90' lang='lat' dir='ltr'>et</span> 
     </span>
     <span class='ocr_line' id='line_1_26' title="bbox 358 2017 1729 2081; baseline -0.003 -16"><span class='ocrx_word' id='word_1_222' title='bbox 358 2020 556 2080; x_wconf 80' lang='lat' dir='ltr'>gemitus,</span> <span class='ocrx_word' id='word_1_223' title='bbox 584 2029 632 2064; x_wconf 89' lang='lat' dir='ltr'>ut</span> <span class='ocrx_word' id='word_1_224' title='bbox 657 2035 735 2081; x_wconf 89' lang='lat' dir='ltr'>per</span> <span class='ocrx_word' id='word_1_225' title='bbox 756 2017 866 2063; x_wconf 90' lang='lat' dir='ltr'>illud</span> <span class='ocrx_word' id='word_1_226' title='bbox 889 2018 1058 2077; x_wconf 85' lang='lat' dir='ltr'>signum</span> <span class='ocrx_word' id='word_1_227' title='bbox 1082 2018 1200 2081; x_wconf 84' lang='lat' dir='ltr'>quod</span> <span class='ocrx_word' id='word_1_228' title='bbox 1229 2017 1444 2062; x_wconf 83' lang='lat' dir='ltr'>Ezechieli</span> <span class='ocrx_word' id='word_1_229' title='bbox 1470 2026 1619 2062; x_wconf 87' lang='lat' dir='ltr'>sancto</span> <span class='ocrx_word' id='word_1_230' title='bbox 1662 2033 1729 2061; x_wconf 87' lang='lat' dir='ltr'>re-</span> 
     </span>
     <span class='ocr_line' id='line_1_27' title="bbox 357 2086 1725 2147; baseline -0.003 -10"><span class='ocrx_word' id='word_1_231' title='bbox 357 2090 544 2147; x_wconf 71' lang='lat' dir='ltr'>velatur,</span> <span class='ocrx_word' id='word_1_232' title='bbox 566 2088 689 2134; x_wconf 83' lang='lat' dir='ltr'>illaesi</span> <span class='ocrx_word' id='word_1_233' title='bbox 705 2088 883 2134; x_wconf 76' lang='lat' dir='ltr'>evadere</span> <span class='ocrx_word' id='word_1_234' title='bbox 901 2089 956 2134; x_wconf 83' lang='lat' dir='ltr'>ab</span> <span class='ocrx_word' id='word_1_235' title='bbox 977 2088 1150 2134; x_wconf 82' lang='lat' dir='ltr'>illorum</span> <span class='ocrx_word' id='word_1_236' title='bbox 1169 2088 1406 2134; x_wconf 87' lang='lat' dir='ltr'>vastatione</span> <span class='ocrx_word' id='word_1_237' title='bbox 1425 2097 1672 2134; x_wconf 86' lang='lat' dir='ltr'>mereantur</span> <span class='ocrx_word' id='word_1_238' title='bbox 1692 2086 1725 2133; x_wconf 77' lang='lat'>².</span> 
     </span>
     <span class='ocr_line' id='line_1_28' title="bbox 360 2156 1733 2221; baseline -0.004 -14"><span class='ocrx_word' id='word_1_239' title='bbox 360 2160 428 2207; x_wconf 88' lang='lat' dir='ltr'>Ad</span> <span class='ocrx_word' id='word_1_240' title='bbox 449 2177 547 2207; x_wconf 85' lang='lat' dir='ltr'>eum</span> <span class='ocrx_word' id='word_1_241' title='bbox 571 2159 686 2204; x_wconf 88' lang='lat' dir='ltr'>enim</span> <span class='ocrx_word' id='word_1_242' title='bbox 710 2159 782 2221; x_wconf 90' lang='lat' dir='ltr'>qui</span> <span class='ocrx_word' id='word_1_243' title='bbox 803 2176 942 2205; x_wconf 84' lang='lat' dir='ltr'>errare</span> <span class='ocrx_word' id='word_1_244' title='bbox 961 2177 1048 2204; x_wconf 89' lang='lat' dir='ltr'>non</span> <span class='ocrx_word' id='word_1_245' title='bbox 1068 2170 1210 2221; x_wconf 87' lang='lat' dir='ltr'>potest</span> <span class='ocrx_word' id='word_1_246' title='bbox 1225 2159 1417 2205; x_wconf 88' lang='lat' dir='ltr'>clamant</span> <span class='ocrx_word' id='word_1_247' title='bbox 1435 2176 1445 2203; x_wconf 73' lang='grc' dir='ltr'>ε</span> <span class='ocrx_word' id='word_1_248' title='bbox 1464 2159 1559 2203; x_wconf 89' lang='lat' dir='ltr'>«Ne</span> <span class='ocrx_word' id='word_1_249' title='bbox 1577 2156 1733 2220; x_wconf 83' lang='lat' dir='ltr'>perdas</span> 
     </span>
     <span class='ocr_line' id='line_1_29' title="bbox 361 2229 1732 2293; baseline -0.003 -17"><span class='ocrx_word' id='word_1_250' title='bbox 361 2255 383 2276; x_wconf 89' lang='grc'>»</span> <span class='ocrx_word' id='word_1_251' title='bbox 411 2249 512 2278; x_wconf 88' lang='lat' dir='ltr'>cum</span> <span class='ocrx_word' id='word_1_252' title='bbox 540 2230 711 2293; x_wconf 87' lang='lat' dir='ltr'>impiis,</span> <span class='ocrx_word' id='word_1_253' title='bbox 741 2231 874 2286; x_wconf 88' lang='lat' dir='ltr'>Deus,</span> <span class='ocrx_word' id='word_1_254' title='bbox 914 2230 1102 2275; x_wconf 87' lang='lat' dir='ltr'>animam</span> <span class='ocrx_word' id='word_1_255' title='bbox 1136 2247 1291 2285; x_wconf 85' lang='lat' dir='ltr'>meam,</span> <span class='ocrx_word' id='word_1_256' title='bbox 1320 2242 1359 2275; x_wconf 89' lang='lat' dir='ltr'>et</span> <span class='ocrx_word' id='word_1_257' title='bbox 1386 2246 1485 2275; x_wconf 91' lang='lat' dir='ltr'>cum</span> <span class='ocrx_word' id='word_1_258' title='bbox 1509 2229 1610 2276; x_wconf 68' lang='lat' dir='ltr'>viris</span> <span class='ocrx_word' id='word_1_259' title='bbox 1631 2245 1732 2273; x_wconf 88' lang='lat' dir='ltr'>san-</span> 
     </span>
     <span class='ocr_line' id='line_1_30' title="bbox 359 2298 1734 2363; baseline -0.002 -18"><span class='ocrx_word' id='word_1_260' title='bbox 359 2325 381 2346; x_wconf 85' lang='lat'>»</span> <span class='ocrx_word' id='word_1_261' title='bbox 407 2301 587 2362; x_wconf 83' lang='lat' dir='ltr'>guinum</span> <span class='ocrx_word' id='word_1_262' title='bbox 616 2300 746 2346; x_wconf 87' lang='lat' dir='ltr'>vitam</span> <span class='ocrx_word' id='word_1_263' title='bbox 770 2317 908 2345; x_wconf 85' lang='lat' dir='ltr'>meam</span> <span class='ocrx_word' id='word_1_264' title='bbox 926 2299 958 2346; x_wconf 76' lang='lat'>3.</span> <span class='ocrx_word' id='word_1_265' title='bbox 979 2301 1164 2363; x_wconf 83' lang='lat' dir='ltr'>»Neque</span> <span class='ocrx_word' id='word_1_266' title='bbox 1186 2317 1286 2346; x_wconf 89' lang='lat' dir='ltr'>cum</span> <span class='ocrx_word' id='word_1_267' title='bbox 1306 2300 1519 2346; x_wconf 75' lang='lat' dir='ltr'>voluerint</span> <span class='ocrx_word' id='word_1_268' title='bbox 1537 2298 1734 2357; x_wconf 81' lang='lat' dir='ltr'>colligere</span> 
     </span>
     <span class='ocr_line' id='line_1_31' title="bbox 363 2368 1732 2433; baseline -0.004 -15"><span class='ocrx_word' id='word_1_269' title='bbox 363 2372 541 2427; x_wconf 84' lang='lat' dir='ltr'>zizania,</span> <span class='ocrx_word' id='word_1_270' title='bbox 571 2370 791 2416; x_wconf 82' lang='lat' dir='ltr'>eradicent</span> <span class='ocrx_word' id='word_1_271' title='bbox 817 2370 946 2416; x_wconf 87' lang='lat' dir='ltr'>simul</span> <span class='ocrx_word' id='word_1_272' title='bbox 970 2382 1011 2416; x_wconf 90' lang='lat' dir='ltr'>et</span> <span class='ocrx_word' id='word_1_273' title='bbox 1035 2371 1244 2426; x_wconf 80' lang='lat' dir='ltr'>triticum,</span> <span class='ocrx_word' id='word_1_274' title='bbox 1274 2388 1353 2416; x_wconf 89' lang='lat' dir='ltr'>nec</span> <span class='ocrx_word' id='word_1_275' title='bbox 1370 2387 1448 2433; x_wconf 88' lang='lat' dir='ltr'>per</span> <span class='ocrx_word' id='word_1_276' title='bbox 1469 2368 1732 2428; x_wconf 81' lang='lat' dir='ltr'>diligentiam</span> 
     </span>
     <span class='ocr_line' id='line_1_32' title="bbox 361 2440 1734 2505; baseline -0.004 -15"><span class='ocrx_word' id='word_1_277' title='bbox 361 2453 543 2504; x_wconf 83' lang='lat' dir='ltr'>segetem</span> <span class='ocrx_word' id='word_1_278' title='bbox 578 2441 855 2487; x_wconf 87' lang='lat' dir='ltr'>Dominicam</span> <span class='ocrx_word' id='word_1_279' title='bbox 879 2452 1093 2505; x_wconf 82' lang='lat' dir='ltr'>purgent,</span> <span class='ocrx_word' id='word_1_280' title='bbox 1128 2442 1202 2487; x_wconf 85' lang='lat' dir='ltr'>sed</span> <span class='ocrx_word' id='word_1_281' title='bbox 1227 2459 1306 2504; x_wconf 86' lang='lat' dir='ltr'>per</span> <span class='ocrx_word' id='word_1_282' title='bbox 1349 2441 1627 2486; x_wconf 87' lang='lat' dir='ltr'>temeritatem</span> <span class='ocrx_word' id='word_1_283' title='bbox 1651 2440 1734 2502; x_wconf 87' lang='lat' dir='ltr'>ipsi</span> 
     </span>
     <span class='ocr_line' id='line_1_33' title="bbox 361 2510 1734 2580; baseline -0.003 -21"><span class='ocrx_word' id='word_1_284' title='bbox 361 2513 508 2580; x_wconf 83' lang='lat' dir='ltr'>potius</span> <span class='ocrx_word' id='word_1_285' title='bbox 523 2512 635 2557; x_wconf 86' lang='lat' dir='ltr'>inter</span> <span class='ocrx_word' id='word_1_286' title='bbox 654 2523 940 2574; x_wconf 83' lang='lat' dir='ltr'>purgamenta</span> <span class='ocrx_word' id='word_1_287' title='bbox 956 2523 1249 2559; x_wconf 84' lang='lat' dir='ltr'>numerentur.</span> <span class='ocrx_word' id='word_1_288' title='bbox 1271 2511 1460 2575; x_wconf 79' lang='lat' dir='ltr'>Ideoque</span> <span class='ocrx_word' id='word_1_289' title='bbox 1472 2511 1585 2558; x_wconf 85' lang='lat' dir='ltr'>idem</span> <span class='ocrx_word' id='word_1_290' title='bbox 1600 2510 1633 2555; x_wconf 91' lang='lat' dir='ltr'>A</span> <span class='ocrx_word' id='word_1_291' title='bbox 1638 2527 1734 2574; x_wconf 86' lang='lat' dir='ltr'>pos-</span> 
     </span>
    </p>
   </div>
   <div class='ocr_carea' id='block_1_2' title="bbox 410 2592 1332 2636">
    <p class='ocr_par' dir='ltr' id='par_1_3' title="bbox 410 2592 1332 2636">
     <span class='ocr_line' id='line_1_34' title="bbox 410 2592 1332 2636; baseline -0.002 -7"><span class='ocrx_word' id='word_1_292' title='bbox 410 2599 420 2621; x_wconf 82' lang='lat'><strong>¹</strong></span> <span class='ocrx_word' id='word_1_293' title='bbox 443 2609 456 2629; x_wconf 75' lang='grc' dir='ltr'><strong><em>ι</em></strong></span> <span class='ocrx_word' id='word_1_294' title='bbox 476 2598 552 2627; x_wconf 85' lang='lat' dir='ltr'>Cor.</span> <span class='ocrx_word' id='word_1_295' title='bbox 572 2605 603 2634; x_wconf 84' lang='lat' dir='ltr'>v,</span> <span class='ocrx_word' id='word_1_296' title='bbox 625 2606 727 2626; x_wconf 78' lang='lat'>11.—</span> <span class='ocrx_word' id='word_1_297' title='bbox 745 2593 886 2630; x_wconf 61' lang='lat' dir='ltr'>2Eaech.</span> <span class='ocrx_word' id='word_1_298' title='bbox 910 2606 956 2636; x_wconf 79' lang='lat' dir='ltr'>xx,</span> <span class='ocrx_word' id='word_1_299' title='bbox 974 2602 993 2633; x_wconf 65' lang='grc'>4</span> <span class='ocrx_word' id='word_1_300' title='bbox 1017 2614 1062 2619; x_wconf 93' lang='grc'><strong>-</strong></span> <span class='ocrx_word' id='word_1_301' title='bbox 1081 2592 1095 2618; x_wconf 79' lang='lat'>3</span> <span class='ocrx_word' id='word_1_302' title='bbox 1111 2596 1190 2629; x_wconf 81' lang='lat' dir='ltr'>Psal.</span> <span class='ocrx_word' id='word_1_303' title='bbox 1209 2607 1285 2635; x_wconf 73' lang='lat' dir='ltr'>xxv,</span> <span class='ocrx_word' id='word_1_304' title='bbox 1302 2607 1332 2636; x_wconf 74' lang='lat'>9.</span> 
     </span>
    </p>
   </div>
   <div class='ocr_carea' id='block_1_3' title="bbox 1865 0 1894 3154">
    <p class='ocr_par' dir='ltr' id='par_1_4' title="bbox 1865 0 1894 3154">
     <span class='ocr_line' id='line_1_35' title="bbox 1865 0 1894 3154; baseline 0 0"><span class='ocrx_word' id='word_1_305' title='bbox 1865 0 1894 3154; x_wconf 95' lang='lat' dir='ltr'> </span> 
     </span>
    </p>
   </div>
  </div>
 </body>
</html>
