1894 3154
321 281 378 313 DE
414 280 635 313 BAPTISMO
671 280 845 314 CONTRA
879 280 1172 324 Donarisus,
1208 283 1295 316 mn.
1337 285 1397 318 VI.
1472 274 1565 339 399

193 347 260 395 sit.
289 368 311 392 c<
336 349 451 395 Cum
479 347 563 413 ipsi
587 347 642 393 ab
675 347 868 394 Ecclesia
891 364 992 412 quae
1016 364 1103 394 una
1131 359 1220 406 est,
1248 349 1415 415 inquit,
1442 370 1563 399 rece-

192 417 336 465 dendo
358 418 560 465 infatuati
589 418 797 464 contrarii
833 417 936 463 facti
965 418 1074 472 sint3
1101 419 1177 464 fiat
1209 419 1322 465 sicut
1347 422 1560 485 scriptum

191 498 277 545 est,
317 490 484 535 Domus
517 488 836 535 contrariorum
859 488 963 548 legis
992 488 1154 534 debent
1190 491 1556 542 emundationem.

191 560 248 604 Et
266 575 532 624 consequens
556 569 618 605 est
634 597 644 615 ‚
676 559 821 623 inquit
843 596 852 613 ‚
877 576 948 605 eos
963 559 1039 623 qui
1069 577 1089 604 a
1105 561 1331 606 contrariis
1352 561 1563 624 baptizati

188 629 404 693 inquinati
426 642 542 687 sunt,
572 631 716 699 primo
751 631 931 694 purgari
957 668 968 687 ,
996 640 1036 676 et
1068 640 1173 677 tunc
1201 631 1376 678 demum
1407 633 1559 698 bapti-

188 700 290 746 zari.
315 721 336 742 >³
356 701 478 757 Quid
497 718 614 761 ergo,
637 712 835 765 raptores
850 711 890 746 et
906 700 1144 747 homicidae
1163 719 1251 747 non
1269 713 1370 748 sunt
1381 716 1559 751 contra-

187 770 241 816 rii
256 769 360 831 legis
383 770 565 818 dicentis
586 790 596 817 :
621 794 642 814 «
661 774 759 817 Non
778 771 964 827 occides,
990 789 1079 817 non
1101 770 1315 818 furaberis
1331 772 1377 820 1?
1394 796 1414 816 »
1432 796 1451 817 «
1471 778 1560 822 De—

186 841 292 887 bent
333 859 432 902 ergo
473 842 842 889 emundationem.
886 863 905 884 >2
935 843 1043 899 Quis
1085 842 1174 888 1100
1217 845 1466 903 negaverit?
1503 848 1557 892 Et

186 921 332 958 tamen
350 930 447 969 non*
461 913 598 960 solum
620 913 888 978 quicumque
909 930 931 958 a
950 913 1111 958 talibus
1126 912 1241 958 intus
1254 913 1555 976 baptizantur,

186 983 259 1028 sed
280 984 407 1030 etiam
432 985 509 1048 qui
526 985 630 1031 tales
654 1002 743 1030 non
765 983 923 1030 mutati
946 983 1245 1046 baptizantur,
1269 986 1468 1047 quamvis
1488 987 1561 1032 ad-

184 1052 277 1099 huc
294 1055 595 1117 purgationem
622 1054 809 1099 debeant
833 1064 880 1098 ut
905 1063 1129 1098 mutentur
1148 1091 1158 1109 ‚
1185 1071 1273 1099 non
1295 1065 1438 1101 tamen
1465 1074 1560 1103 am-

184 1123 301 1187 plius
325 1141 427 1170 cum
465 1125 624 1170 mutati
656 1124 818 1170 fuerint
841 1124 1139 1186 baptizantur.
1176 1126 1316 1170 Tanta
1337 1126 1400 1172 vis
1426 1138 1488 1172 est
1509 1129 1554 1173 in

184 1205 452 1239 sacramento
483 1194 693 1258 simplicis
712 1195 938 1257 baptismi,
959 1203 1006 1238 ut
1021 1210 1122 1239 cum
1140 1193 1353 1240 fateamur
1367 1196 1555 1260 aliquem

183 1264 455 1327 baptizatum
490 1276 531 1311 et
563 1266 709 1311 adhuc
746 1264 857 1310 male
885 1264 1100 1310 viventem
1126 1265 1282 1311 debere
1309 1267 1513 1315 mundari
1537 1307 1548 1327 ,

177 1345 372 1381 vetemus
392 1346 533 1381 tamen
553 1336 733 1381 ulterius
757 1334 988 1398 baptizari.

242 1406 402 1453 XXIV.
434 1407 639 1452 Crescens
660 1424 681 1450 a
708 1405 829 1450 Cirta
852 1404 986 1449 dixit:
1015 1426 1035 1446 c<
1056 1406 1106 1451 In
1132 1416 1254 1451 tanto
1282 1418 1401 1454 coetu
1423 1427 1552 1457 sanc-

177 1475 441 1522 tissimorum
462 1475 820 1522 consacerdotum
854 1473 972 1519 lectis
1000 1475 1153 1520 litteris
1179 1476 1391 1539 Cypriani
1413 1479 1551 1527 dilec-

178 1545 328 1591 tissimi
358 1547 492 1592 nostri
528 1546 582 1592 ad
618 1545 886 1592 Jubaianum
905 1582 915 1601 ,
944 1545 1135 1609 itemque
1167 1546 1220 1590 ad
1254 1548 1546 1610 Stephanum,

179 1633 278 1678 quae
304 1627 472 1662 tantum
509 1617 555 1662 in
580 1634 621 1662 se
655 1615 1024 1661 sanctissimorum
1061 1633 1108 1661 ex
1125 1616 1365 1679 Scripturis
1390 1619 1555 1668 deificis

178 1685 531 1732 descendentium
551 1686 895 1732 testimoniorum
911 1686 1150 1742 continent,
1175 1697 1222 1730 ut
1238 1688 1389 1732 merito
1404 1706 1549 1736 omncs

178 1775 258 1821 per
291 1758 369 1803 Dei
396 1759 575 1818 gratiam
609 1756 789 1803 adunati
826 1756 1067 1801 consentire
1102 1756 1337 1803 debeamus
1366 1776 1552 1807 :censeo

178 1845 256 1888 ego
281 1846 427 1874 omnes
449 1828 677 1874 haereticos
703 1828 788 1872 sive
819 1827 1116 1874 schismaticos
1132 1864 1143 1883 ,
1177 1828 1252 1890 qui
1276 1829 1331 1874 ad
1358 1832 1551 1878 catholi-

180 1914 274 1943 cam
299 1898 536 1944 Ecclesiam
565 1898 709 1944 venire
732 1897 949 1943 voluerint
968 1935 978 1951 ‚
1014 1915 1104 1943 non
1138 1908 1236 1943 ante
1270 1899 1438 1959 ingredi
1472 1904 1551 1949 nisi

178 1968 405 2014 exorcizati
436 1979 478 2014 et
501 1968 715 2031 baptizati
742 1966 929 2021 fuerint3
963 1968 1150 2031 exceptis
1187 1968 1258 2013 his
1292 1987 1390 2016 sane
1408 1974 1482 2036 qui
1510 1976 1553 2019 in

180 2038 373 2085 Ecclesia
406 2039 625 2084 catholica
664 2038 828 2083 fuerint
870 2049 968 2084 ante
1011 2039 1226 2101 baptizati
1246 2077 1256 2095 ‚
1305 2042 1366 2086 ita
1410 2053 1550 2089 tamen

181 2119 230 2154 ut
253 2126 331 2171 per
352 2126 505 2155 manus
525 2109 846 2172 impositionem
869 2108 915 2153 in
940 2109 1244 2171 poenitentiam
1265 2111 1469 2159 Ecclesiae
1484 2133 1554 2160 rc-

181 2179 480 2226 concilientur.
513 2201 533 2221 υ

246 2251 382 2297 XXV.
419 2250 503 2296 Hic
528 2249 813 2295 admonemur
836 2249 992 2294 iterum
1014 2266 1207 2312 quaerere
1224 2288 1234 2306 ‚
1263 2268 1342 2297 cur
1367 2252 1547 2313 dixerit,

181 2342 202 2361 «
217 2321 419 2384 Exceptis
434 2321 504 2366 his
523 2337 621 2366 sane
644 2320 720 2382 qui
749 2320 793 2365 in
806 2319 1001 2364 Ecclesia
1027 2320 1247 2367 catholica
1261 2322 1422 2370 fuerint
1456 2339 1553 2374 ante

181 2391 422 2454 baptizati?
445 2412 465 2432 »
491 2392 558 2436 An
583 2390 685 2453 quia
715 2407 804 2449 non
829 2390 1058 2435 amiserant
1088 2391 1208 2455 quod
1233 2392 1348 2443 intus
1372 2413 1554 2460 accepe-

180 2464 311 2507 rant?
337 2461 452 2521 Ergo
474 2460 594 2524 quod
616 2461 778 2505 habere
806 2459 909 2505 foris
935 2472 1155 2524 poterant,
1183 2480 1263 2508 cur
1285 2482 1374 2511 non
1397 2478 1438 2512 et
1463 2480 1554 2515 tra-

182 2531 282 2579 dere
300 2535 532 2596 poterant?
559 2532 627 2578 An
643 2530 793 2576 illicite
808 2529 911 2577 foris
930 2531 1144 2580 traditur?
1170 2533 1254 2580 Sed
1280 2552 1418 2601 neque
1437 2537 1554 2587 licite

231 2616 242 2639 ¹
261 2615 363 2650 Exod.
382 2626 440 2655 xx,
461 2616 514 2650 13.
