1894 3154
271 219 327 248 22
690 214 725 245 s.
766 212 1011 245 AUGUSTINI
1043 213 1249 245 EPISCOPI

269 280 422 327 litteris
438 317 450 337 ,
474 279 552 325 ubi
579 278 752 339 majoris
774 277 859 324 fuit
876 295 994 324 curae
1019 277 1254 325 verborum
1271 277 1492 339 integritas
1507 293 1640 342 quam

271 351 427 397 veritas
454 363 599 396 rerum
623 367 634 394 :

555 488 729 498 ........
756 467 823 496 Nec
843 464 918 496 talia
935 475 1043 507 passus
1063 465 1189 508 Ulysses

552 518 719 550 oblitusve
738 519 786 548 sui
806 522 852 548 est
869 516 995 548 Ithacus
1012 517 1192 550 discrimine
1208 523 1295 550 tamo
1310 518 1334 552 ¹.

271 611 473 671 Virgilius
504 611 618 657 enim
652 627 754 656 cum
791 610 858 656 sui
892 627 980 655 non
1015 611 1203 656 oblitum
1224 610 1385 656 diceret
1412 610 1606 672 Ulyssem
1626 647 1637 666 ,

271 682 379 745 quid
404 681 522 726 aliud
563 681 746 740 intelligi
782 680 921 726 voluit
938 718 949 737 ,
990 681 1071 726 nisi
1106 681 1227 745 quod
1264 680 1506 726 meminerit
1542 680 1641 726 sui?

269 755 382 797 Cum
408 768 507 810 ergo
533 750 616 794 sibi
641 767 829 812 praesens
858 762 986 804 esset,
1024 750 1145 795 nullo
1172 750 1303 796 modo
1334 751 1399 796 sui
1421 751 1642 796 meminis-

270 832 331 865 set
350 857 360 876 ‚
382 820 464 865 nisi
487 819 541 865 ad
562 837 626 864 res
647 830 882 882 -praesentes
901 820 1106 865 memoria
1129 820 1380 883 pertineret.
1408 821 1643 883 Quaprop-

269 902 333 935 ter
356 891 468 936 sicut
485 891 531 936 in
554 889 683 934 rebus
707 889 938 952 praeteritis
961 906 1008 935 ea
1032 889 1241 935 memoria
1259 888 1420 934 dicitur
1438 926 1449 941 ,
1478 905 1563 951 qua
1593 890 1644 934 fit

269 971 318 1006 ut
341 960 511 1006 valeant
535 959 668 1005 recoli
699 969 740 1004 et
765 958 983 1005 recordari
1008 977 1018 1004 ε
1049 959 1109 1005 sic
1142 959 1188 1004 in
1213 975 1257 1004 re
1286 959 1492 1021 praesenti
1522 959 1644 1022 quod

269 1031 352 1077 sibi
367 1041 429 1075 est
448 1047 566 1075 mens
580 1067 591 1086 ‚
612 1031 820 1075 memoria
841 1030 930 1075 sine
951 1029 1220 1076 absurditate
1245 1029 1429 1075 dicenda
1451 1039 1536 1084 est,
1557 1046 1646 1093 qua

268 1101 351 1146 sihi
394 1110 553 1163 praesto
591 1110 654 1144 est
694 1109 741 1144 ut
779 1117 856 1145 sua
895 1100 1155 1160 cogitatione
1192 1100 1328 1162 possit
1365 1098 1571 1159 intelligi,
1604 1109 1645 1143 et

271 1181 504 1233 utrumque
526 1186 591 1214 sui
611 1186 755 1214 amore
775 1171 998 1230 conjungi.

334 1241 426 1287 XV.
468 1241 576 1286 Haec
599 1239 732 1299 igitur
754 1240 922 1285 trinitas
941 1240 1096 1286 mentis
1114 1257 1203 1285 non
1230 1249 1462 1302 propterea
1483 1238 1566 1284 Dei
1583 1249 1646 1284 est

269 1311 410 1370 imago
424 1348 434 1368 ‚
457 1312 558 1374 quia
576 1311 641 1355 sui
658 1311 854 1355 meminit
878 1328 996 1356 mens
1012 1348 1022 1367 ‚
1044 1321 1087 1356 et
1105 1310 1308 1369 intelligit
1333 1326 1382 1355 ac
1408 1309 1550 1369 diligit
1566 1326 1607 1354 se
1629 1327 1641 1355 :

269 1380 342 1426 sed
367 1381 468 1444 quia
487 1391 629 1443 potest
650 1380 780 1425 etiam
804 1382 1045 1426 meminisse
1059 1418 1069 1438 ,
1096 1391 1139 1425 et
1161 1380 1397 1439 intelligere
1413 1417 1424 1436 ,
1445 1390 1487 1424 et
1505 1397 1646 1426 amare

273 1469 294 1495 a
317 1468 402 1513 quo
426 1449 540 1496 facta
567 1461 644 1496 est.
674 1450 806 1506 Quod
826 1468 927 1496 cum
943 1450 1047 1496 facit
1067 1488 1078 1505 ‚
1101 1451 1272 1512 sapiens
1290 1451 1383 1514 ipsa
1407 1450 1470 1496 fit.
1500 1449 1547 1494 Si
1565 1466 1645 1494 au-

271 1532 358 1565 tem
383 1537 471 1565 non
493 1519 623 1575 facit,
650 1520 779 1565 etiam
799 1537 900 1565 cum
920 1521 985 1566 sui
1008 1520 1229 1577 meminit,
1252 1536 1425 1583 seseque
1444 1519 1647 1579 intelligit

274 1608 323 1636 ac
351 1590 516 1650 diligit,
540 1591 671 1636 stulta
689 1600 762 1636 est.
792 1591 1037 1636 Meminerit
1055 1591 1201 1653 itaque
1226 1590 1306 1634 Dei
1329 1589 1394 1634 sui
1412 1626 1422 1645 ,
1447 1589 1502 1634 ad
1521 1593 1647 1648 cujus

272 1661 502 1720 imaginem
520 1660 635 1705 facta
653 1674 730 1715 est,
751 1677 936 1724 eumque
952 1660 1163 1720 intelligat
1180 1670 1309 1724 atque
1326 1659 1492 1719 diligat.
1515 1659 1646 1716 Quod

274 1742 321 1776 ut
344 1731 519 1776 brevius
536 1730 679 1775 dicam
700 1768 710 1786 ‚
740 1730 854 1776 colat
876 1732 1015 1776 Deum
1038 1747 1127 1775 non
1151 1730 1318 1776 factum
1337 1766 1348 1785 ‚
1375 1733 1499 1789 cujus
1517 1729 1572 1774 ab
1596 1746 1646 1775 eo

275 1819 409 1863 capax
432 1811 493 1845 est
517 1800 631 1846 facta
646 1838 656 1856 ‚
680 1812 721 1845 et
750 1804 874 1860 cujus
897 1801 1116 1863 particeps
1144 1817 1230 1845 esse
1261 1810 1405 1861 potest
1423 1836 1433 1855 ,
1466 1810 1647 1863 propter

274 1870 394 1934 quod
423 1871 632 1933 scriptum
653 1881 714 1916 est
737 1888 747 1915 z
777 1892 796 1911 α
820 1870 931 1915 Ecce
962 1872 1041 1916 Dei
1071 1870 1215 1916 cultus
1242 1880 1303 1915 est
1328 1869 1566 1932 sapientia1
1590 1887 1600 1914 :
1626 1891 1646 1912 »

274 1952 314 1986 et
338 1957 425 1985 non
454 1957 529 1985 sua
555 1940 676 1996 luce,
715 1940 787 1986 sed
812 1957 993 1986 summae
1022 1940 1137 1985 illius
1168 1939 1280 1985 lucis
1307 1939 1647 2003 participatione

272 2011 441 2073 sapiens
466 2011 572 2066 erit,
606 2021 736 2074 atque
763 2011 839 2058 ubi
863 2021 1046 2066 aeterna,
1075 2010 1141 2055 ibi
1174 2010 1300 2055 beata
1329 2009 1543 2068 regnabit.
1574 2008 1647 2054 Sic

273 2082 387 2126 enim
419 2080 582 2125 dicitur
616 2081 696 2126 ista
727 2080 916 2126 hominis
953 2079 1184 2143 sapientia,
1223 2089 1272 2124 ut
1299 2079 1426 2125 etiam
1462 2078 1545 2124 Dei
1571 2079 1639 2124 sit.

275 2152 400 2196 Tunc
427 2151 543 2196 enim
564 2167 663 2196 vera
689 2161 751 2196 est
772 2169 782 2195 ε
806 2168 905 2196 nam
930 2151 963 2196 si
986 2151 1179 2195 humana
1205 2160 1294 2205 est,
1318 2166 1429 2195 vana
1453 2159 1527 2194 est.
1559 2149 1647 2195 Ve-

272 2237 370 2265 rum
395 2220 558 2265 nonita
584 2221 659 2266 Dei
678 2238 765 2284 qua
793 2221 962 2284 sapiens
980 2230 1040 2264 est
1070 2221 1196 2266 Deus.
1232 2220 1381 2282 Neque
1400 2219 1515 2264 enim
1538 2235 1646 2282 par-

268 2291 339 2335 tici
349 2291 520 2352 patione
539 2291 604 2335 sui
625 2293 792 2354 sapiens
812 2302 898 2347 est,
923 2292 1034 2336 sicut
1051 2308 1168 2336 mens
1187 2290 1523 2354 participatione
1546 2289 1638 2335 Dei.

267 2360 351 2405 Sed
367 2360 740 2424 quemadmodum
761 2362 924 2407 dicitur
940 2361 1068 2407 etiam
1079 2361 1248 2421 justitia
1270 2361 1347 2405 Dei
1366 2397 1376 2417 ,
1399 2377 1487 2405 non
1507 2359 1646 2405 solum

266 2430 339 2476 illa
356 2447 442 2493 qua
464 2431 555 2494 ipse
567 2434 710 2490 justus
730 2443 792 2477 est
807 2469 817 2489 ,
849 2432 922 2478 sed
941 2449 1074 2496 quam
1100 2432 1178 2477 dat
1202 2431 1370 2477 homini
1396 2447 1497 2477 cum
1510 2430 1646 2490 J'usti-

317 2520 326 2540 ¹
351 2520 441 2561 Yirg.
459 2519 581 2553 AEneid.
603 2531 659 2561 111,
682 2531 763 2554 vers.
785 2522 851 2551 628
870 2526 900 2552 et
919 2522 1000 2562 629.
1018 2539 1062 2545 —
1079 2518 1094 2542 ²
1111 2519 1189 2552 Job.
1207 2530 1328 2557 xxvm,
1349 2519 1407 2551 28.
