1894 3154
337 222 427 278 154
755 240 790 270 s.
831 239 1077 272 Aueusrml
1113 242 1317 273 EPISCOPI

326 303 403 366 qui
432 303 655 367 accipiunt
681 305 738 350 ab
764 305 823 350 eis
848 318 1115 353 sacramenta
1145 308 1293 353 eadem
1313 346 1324 365 ‚
1360 309 1436 372 qui
1467 308 1705 355 secundum

326 373 593 436 prophetam
625 375 896 421 Ezechielem
924 389 1102 436 gemunt
1128 389 1170 423 et
1190 390 1376 424 moerent
1409 391 1586 442 peccata
1607 395 1708 441 quae

331 444 443 488 fiunt
466 445 511 488 in
530 444 673 490 medio
699 462 844 490 eorum
866 484 876 500 ‚
903 448 1101 509 quamvis
1125 466 1212 493 non
1241 466 1283 493 se
1299 449 1399 494 inde
1424 448 1709 512 corporaliter

329 513 576 576 separent1.
615 515 860 577 Unicuique
896 518 1010 561 enim
1043 520 1157 562 Deus
1185 518 1339 563 tribuit
1372 518 1610 564 secundum
1635 535 1711 563 cor

333 600 474 628 suum.
503 584 614 627 Nam
633 584 663 627 si
688 584 841 646 primis
867 587 1138 648 temporibus
1156 603 1243 631 non
1262 586 1500 632 obfuerunt
1519 586 1621 631 mali
1639 602 1711 631 sa-

334 652 528 697 cerdotes
548 689 558 707 ,
594 652 659 697 vel
691 653 863 713 collegis
888 655 1015 699 bonis
1036 693 1046 710 ‚
1082 656 1194 700 sicut
1219 655 1302 700 fuit
1334 656 1590 701 Zacl1arias2
1606 691 1618 709 ‚
1644 655 1715 701 vel

336 722 654 785 popularibus,
689 723 800 768 sicut
833 724 917 769 fuit
949 725 1252 781 *Nathanaelffi
1287 726 1332 770 in
1356 743 1443 788 quo
1477 726 1602 771 dolus
1626 742 1714 770 non

335 803 427 837 erat
461 810 470 836 ε
509 804 672 855 quanto
708 794 843 853 magis
879 794 993 839 nihil
1029 796 1152 840 obest
1198 797 1243 840 in
1279 796 1443 840 unitate
1479 795 1716 840 christiana
1777 842 1779 844 ,

337 862 569 925 episcopus
605 863 743 908 malus
772 864 841 909 vel
875 865 1144 928 coepiscopis
1169 866 1297 911 honis
1332 866 1399 910 vel
1429 865 1578 919 laicis,
1614 880 1716 910 cum

335 937 427 992 jam
463 933 536 978 ille
577 934 777 978 sacerdos
811 935 1052 980 secundum
1087 936 1282 980 ordinem
1323 934 1647 981 Melchisedech
1677 944 1719 978 et

339 1002 534 1065 pontifex
552 1014 694 1048 noster
719 1004 867 1049 sedens
895 1004 946 1049 ad
972 1005 1188 1050 dexteram
1209 1006 1350 1050 Patris
1371 1004 1619 1067 interpellat
1635 1019 1717 1066 pro

344 1073 470 1117 nobis
487 1110 497 1128 ,
529 1074 605 1136 qui
629 1074 812 1119 traditus
837 1086 898 1120 est
932 1086 1113 1137 propter
1137 1076 1294 1120 delicta
1322 1086 1489 1129 nostra,
1518 1085 1559 1119 et
1576 1091 1721 1118 resur-

344 1143 450 1187 rexit
485 1155 667 1206 propter
698 1146 1052 1203 Justificationem
1080 1148 1302 1191 nostram?
1334 1146 1423 1190 *Nec
1452 1144 1563 1190 illud
1594 1144 1722 1188 bonis

345 1212 492 1268 obest,
516 1213 587 1258 sed
607 1215 885 1259 offerentibus
900 1214 1023 1259 malis
1038 1252 1047 1268 ,
1071 1215 1191 1277 quod
1210 1215 1425 1260 verissime
1441 1215 1610 1260 dictum
1628 1223 1690 1258 est
1707 1230 1719 1258 :

347 1301 368 1322 «
391 1283 516 1327 Dona
543 1283 795 1346 iniquorum
826 1302 914 1329 non
935 1285 1096 1347 probat
1126 1284 1413 1330 Altissimus4.
1438 1306 1458 1326 >2
1484 1284 1583 1329 Non
1609 1283 1724 1328 enim

348 1351 454 1396 dixit
478 1370 488 1396 :
518 1356 645 1398 Dona
671 1371 820 1399 eorum
849 1356 925 1417 qui
956 1372 1036 1417 pro
1063 1372 1171 1418 pace
1193 1355 1366 1417 iniquos
1394 1355 1578 1400 tolerant
1597 1391 1607 1409 ‚
1635 1370 1725 1398 non

345 1423 508 1485 prohat
529 1424 785 1472 Altissimus.
811 1427 923 1471 Cum
943 1438 1086 1471 tamen
1101 1444 1179 1471 nec
1198 1427 1265 1472 isti
1283 1444 1331 1471 ea
1349 1443 1448 1489 qnae
1468 1427 1724 1485 objecerunt

347 1493 536 1554 probare
551 1496 772 1556 potuerint
786 1514 834 1541 eo
854 1507 1046 1559 tempore
1066 1514 1152 1559 quo
1167 1497 1355 1542 schisma
1375 1496 1570 1541 fecerunt
1591 1513 1601 1540 τ
1623 1495 1726 1540 alio-

348 1564 455 1624 quin
473 1563 556 1608 illis
574 1565 752 1610 exclusis
771 1604 781 1621 ‚
810 1566 912 1611 istos
935 1567 1168 1612 haereditas
1197 1567 1361 1611 Christi
1386 1577 1475 1611 toto
1508 1566 1613 1610 orbe
1636 1564 1727 1610 dif-

348 1631 441 1677 fusa
467 1634 512 1678 in
530 1636 836 1681 communione
855 1637 1072 1682 catholica
1097 1638 1312 1683 retineret.

415 1704 494 1749 XI.
527 1725 547 1744 «
576 1705 799 1751 Sacrificia
818 1744 828 1762 ,
850 1707 994 1770 inquit
1012 1744 1021 1761 ‚
1050 1708 1289 1770 impiorum
1317 1707 1526 1752 execratio
1546 1717 1612 1751 est
1634 1706 1730 1750 Do-

353 1792 373 1813 »
392 1773 510 1817 mino
545 1791 554 1817 :
587 1775 744 1820 etenim
769 1776 918 1838 inique
945 1778 1131 1822 offerunt
1163 1777 1281 1823 illa5.
1306 1799 1324 1817 >³
1353 1778 1451 1822 Jam
1482 1793 1613 1839 supra
1637 1792 1731 1820 res-

351 1858 535 1904 ponsum
563 1854 652 1899 est,
679 1845 783 1908 quia
807 1863 894 1890 non
921 1857 981 1890 est
1002 1847 1177 1909 iniquus
1202 1847 1403 1891 Christus
1422 1883 1432 1900 ,
1456 1847 1532 1908 qui
1549 1862 1632 1908 pro
1652 1862 1731 1890 no-

352 1912 420 1956 bis
440 1929 481 1956 se
505 1913 647 1975 ipsum
673 1915 832 1960 obtulit
851 1953 861 1970 ‚
883 1927 923 1960 et
942 1927 1084 1960 noster
1103 1917 1147 1960 in
1166 1916 1279 1961 coelo
1304 1916 1514 1960 mediator
1540 1926 1624 1970 est,
1645 1932 1732 1993 quo

354 1999 476 2027 suam
502 1984 766 2029 Lcclesiam‹
757 1986 1026 2044 gubernante
1045 1986 1173 2031 bonis
1198 1986 1301 2031 mali
1319 2003 1406 2031 non
1425 1987 1636 2041 oberunt,
1659 1985 1736 2048 qui

356 2070 383 2098 v
387 2052 423 2097 61
445 2053 701 2113 ignorantur
716 2056 784 2100 vel
804 2074 885 2119 pro
905 2074 1011 2119 pace
1028 2057 1295 2104 tolerantur
1324 2057 1491 2102 donec
1481 2073 1573 2119 ipse
1592 2056 1736 2102 veniat

359 2140 409 2167 ac
434 2135 601 2186 separet
623 2127 855 2187 praemissis
880 2127 1139 2172 messoribus
1160 2145 1183 2172 a
1209 2144 1339 2172 messe
1365 2127 1553 2182 zizania,
1575 2137 1617 2171 et
1634 2143 1735 2172 ven-

363 2192 520 2239 tilabro
545 2195 688 2257 paleas
714 2214 736 2241 a
771 2196 1012 2244 frumentis.
1058 2198 1320 2260 Quanquam
1355 2198 1452 2253 isti,
1476 2197 1595 2260 quod
1623 2213 1736 2260 saepe

361 2262 595 2310 dicendum
613 2278 674 2312 est
691 2304 701 2322 ,
722 2267 830 2313 falsa
849 2269 1031 2314 crimina
1049 2269 1290 2328 objecerint
1309 2306 1319 2325 ‚
1340 2286 1440 2331 quae
1458 2268 1623 2313 etiamsi
1637 2284 1738 2313 vera

359 2346 496 2379 essent
516 2372 525 2390 ,
553 2337 771 2383 bonorum
793 2340 997 2385 charitati
1024 2357 1106 2403 pro
1133 2340 1296 2385 unitate
1330 2341 1375 2384 in
1403 2339 1568 2384 unitate
1592 2339 1737 2383 omnia

359 2405 557 2450 toleranti
580 2407 692 2453 nihil
712 2421 946 2467 nocerent,
973 2412 1007 2456 si
1035 2428 1081 2456 ea
1102 2410 1212 2456 forte
1235 2411 1362 2455 etiam
1393 2410 1566 2468 cognita
1582 2446 1593 2465 ,
1609 2408 1736 2468 judi-

406 2499 607 2537 ¹Ezech.1x‚
631 2509 660 2538 4.
674 2521 720 2526 -—
737 2502 751 2525 2
771 2508 844 2536 Luc.
873 2517 899 2547 t,
923 2507 953 2539 5,
970 2525 1012 2530 -—
1029 2503 1043 2528 3
1061 2509 1155 2537 Joan.
1181 2518 1211 2546 1,
1228 2512 1282 2546 47.
1298 2523 1342 2528 —
1361 2502 1374 2526 ⁴
1388 2504 1612 2541 Ε6611.Χκ111’,
1629 2504 1734 2534 23·-

363 2547 377 2572 5
393 2551 492 2586 Prov.
510 2564 577 2592 xm,
596 2565 648 2594 27.
