<?xml version="1.0" encoding="UTF-8"?>
<!DOCTYPE html PUBLIC "-//W3C//DTD XHTML 1.0 Transitional//EN"
    "http://www.w3.org/TR/xhtml1/DTD/xhtml1-transitional.dtd">
<html xmlns="http://www.w3.org/1999/xhtml" xml:lang="en" lang="en">
 <head>
  <title>
</title>
<meta http-equiv="Content-Type" content="text/html;charset=utf-8" />
  <meta name='ocr-system' content='tesseract 3.04.00' />
  <meta name='ocr-capabilities' content='ocr_page ocr_carea ocr_par ocr_line ocrx_word'/>
</head>
<body>
  <div class='ocr_page' id='page_1' title='image "./operaomniaaccura31auguuoft_0349.png"; bbox 0 0 1894 3154; ppageno 0'>
   <div class='ocr_carea' id='block_1_1' title="bbox 280 265 1522 328">
    <p class='ocr_par' dir='ltr' id='par_1_1' title="bbox 280 265 1522 328">
     <span class='ocr_line' id='line_1_1' title="bbox 280 265 1522 328; baseline 0.003 -19"><span class='ocrx_word' id='word_1_1' title='bbox 280 277 336 311; x_wconf 82' lang='lat' dir='ltr'>DE</span> <span class='ocrx_word' id='word_1_2' title='bbox 372 276 593 312; x_wconf 72' lang='lat' dir='ltr'>BAPr1sMo</span> <span class='ocrx_word' id='word_1_3' title='bbox 626 276 802 316; x_wconf 73' lang='lat' dir='ltr'><strong>CONTRA.</strong></span> <span class='ocrx_word' id='word_1_4' title='bbox 835 275 1126 319; x_wconf 64' lang='grc' dir='ltr'><strong>ῡοΝΑΤῙΞΤΑε,</strong></span> <span class='ocrx_word' id='word_1_5' title='bbox 1165 277 1253 310; x_wconf 77' lang='lat' dir='ltr'>mn.</span> <span class='ocrx_word' id='word_1_6' title='bbox 1296 280 1356 312; x_wconf 82' lang='lat' dir='ltr'>iv.</span> <span class='ocrx_word' id='word_1_7' title='bbox 1430 265 1522 328; x_wconf 80' lang='lat'>339</span> 
     </span>
    </p>
   </div>
   <div class='ocr_carea' id='block_1_2' title="bbox 136 341 1530 2601">
    <p class='ocr_par' dir='ltr' id='par_1_2' title="bbox 145 341 1530 1044">
     <span class='ocr_line' id='line_1_2' title="bbox 151 341 1530 408; baseline 0.001 -18"><span class='ocrx_word' id='word_1_8' title='bbox 151 343 463 408; x_wconf 86' lang='lat' dir='ltr'>possidendum</span> <span class='ocrx_word' id='word_1_9' title='bbox 483 359 664 403; x_wconf 82' lang='lat' dir='ltr'>regnum</span> <span class='ocrx_word' id='word_1_10' title='bbox 684 342 785 399; x_wconf 76' lang='lat' dir='ltr'>Dei,</span> <span class='ocrx_word' id='word_1_11' title='bbox 810 341 1086 389; x_wconf 82' lang='lat' dir='ltr'>tantumdem</span> <span class='ocrx_word' id='word_1_12' title='bbox 1110 342 1223 390; x_wconf 78' lang='lat' dir='ltr'>valet</span> <span class='ocrx_word' id='word_1_13' title='bbox 1246 362 1294 391; x_wconf 82' lang='lat' dir='ltr'>ex</span> <span class='ocrx_word' id='word_1_14' title='bbox 1315 345 1430 391; x_wconf 79' lang='lat' dir='ltr'>vitiis</span> <span class='ocrx_word' id='word_1_15' title='bbox 1446 346 1530 392; x_wconf 86' lang='lat' dir='ltr'>illis</span> 
     </span>
     <span class='ocr_line' id='line_1_3' title="bbox 152 414 1526 479; baseline 0 -17"><span class='ocrx_word' id='word_1_16' title='bbox 152 416 273 479; x_wconf 84' lang='lat' dir='ltr'>quod</span> <span class='ocrx_word' id='word_1_17' title='bbox 295 415 466 476; x_wconf 83' lang='lat' dir='ltr'>elegeris</span> <span class='ocrx_word' id='word_1_18' title='bbox 489 415 655 471; x_wconf 83' lang='lat' dir='ltr'>mitius,</span> <span class='ocrx_word' id='word_1_19' title='bbox 674 424 887 478; x_wconf 88' lang='lat' dir='ltr'>quantum</span> <span class='ocrx_word' id='word_1_20' title='bbox 910 414 978 460; x_wconf 90' lang='lat' dir='ltr'>vel</span> <span class='ocrx_word' id='word_1_21' title='bbox 1002 415 1132 478; x_wconf 83' lang='lat' dir='ltr'>plura</span> <span class='ocrx_word' id='word_1_22' title='bbox 1155 414 1221 461; x_wconf 79' lang='lat' dir='ltr'>vel</span> <span class='ocrx_word' id='word_1_23' title='bbox 1245 432 1381 461; x_wconf 83' lang='lat' dir='ltr'>unuin</span> <span class='ocrx_word' id='word_1_24' title='bbox 1408 417 1526 479; x_wconf 87' lang='lat' dir='ltr'>quod</span> 
     </span>
     <span class='ocr_line' id='line_1_4' title="bbox 149 483 1526 549; baseline -0.001 -17"><span class='ocrx_word' id='word_1_25' title='bbox 149 486 412 549; x_wconf 83' lang='lat' dir='ltr'>perspexeris</span> <span class='ocrx_word' id='word_1_26' title='bbox 434 485 618 546; x_wconf 74' lang='lat' dir='ltr'>gravius.</span> <span class='ocrx_word' id='word_1_27' title='bbox 657 485 713 529; x_wconf 86' lang='lat' dir='ltr'>Et</span> <span class='ocrx_word' id='word_1_28' title='bbox 743 483 846 547; x_wconf 87' lang='lat' dir='ltr'>quia</span> <span class='ocrx_word' id='word_1_29' title='bbox 873 483 936 529; x_wconf 87' lang='lat' dir='ltr'>illi</span> <span class='ocrx_word' id='word_1_30' title='bbox 963 484 1198 548; x_wconf 80' lang='lat' dir='ltr'>possessuri</span> <span class='ocrx_word' id='word_1_31' title='bbox 1225 495 1325 530; x_wconf 89' lang='lat' dir='ltr'>sunt</span> <span class='ocrx_word' id='word_1_32' title='bbox 1345 502 1526 545; x_wconf 83' lang='lat' dir='ltr'>regnum</span> 
     </span>
     <span class='ocr_line' id='line_1_5' title="bbox 150 554 1526 621; baseline 0 -20"><span class='ocrx_word' id='word_1_33' title='bbox 150 557 230 603; x_wconf 89' lang='lat' dir='ltr'>Dei</span> <span class='ocrx_word' id='word_1_34' title='bbox 248 573 357 621; x_wconf 91' lang='lat' dir='ltr'>quos</span> <span class='ocrx_word' id='word_1_35' title='bbox 378 556 432 602; x_wconf 89' lang='lat' dir='ltr'>ad</span> <span class='ocrx_word' id='word_1_36' title='bbox 458 555 674 602; x_wconf 82' lang='lat' dir='ltr'>dexteram</span> <span class='ocrx_word' id='word_1_37' title='bbox 698 555 930 601; x_wconf 82' lang='lat' dir='ltr'>constituet</span> <span class='ocrx_word' id='word_1_38' title='bbox 952 555 1023 601; x_wconf 89' lang='lat' dir='ltr'>ille</span> <span class='ocrx_word' id='word_1_39' title='bbox 1047 559 1067 600; x_wconf 85' lang='lat' dir='ltr'>J</span> <span class='ocrx_word' id='word_1_40' title='bbox 1074 554 1291 610; x_wconf 81' lang='lat' dir='ltr'>udex,nec</span> <span class='ocrx_word' id='word_1_41' title='bbox 1307 556 1453 619; x_wconf 85' lang='lat' dir='ltr'>eisqui</span> <span class='ocrx_word' id='word_1_42' title='bbox 1472 556 1526 602; x_wconf 83' lang='lat' dir='ltr'>ad</span> 
     </span>
     <span class='ocr_line' id='line_1_6' title="bbox 150 625 1529 690; baseline -0.001 -18"><span class='ocrx_word' id='word_1_43' title='bbox 150 625 367 674; x_wconf 81' lang='lat' dir='ltr'>dexteram</span> <span class='ocrx_word' id='word_1_44' title='bbox 392 627 599 673; x_wconf 87' lang='lat' dir='ltr'>constitui</span> <span class='ocrx_word' id='word_1_45' title='bbox 622 644 710 672; x_wconf 90' lang='lat' dir='ltr'>non</span> <span class='ocrx_word' id='word_1_46' title='bbox 733 625 1041 682; x_wconf 82' lang='lat' dir='ltr'>merebuntur,</span> <span class='ocrx_word' id='word_1_47' title='bbox 1072 625 1237 690; x_wconf 86' lang='lat' dir='ltr'>aliquid</span> <span class='ocrx_word' id='word_1_48' title='bbox 1260 625 1379 671; x_wconf 87' lang='lat' dir='ltr'>aliud</span> <span class='ocrx_word' id='word_1_49' title='bbox 1397 643 1529 689; x_wconf 85' lang='lat' dir='ltr'>quain</span> 
     </span>
     <span class='ocr_line' id='line_1_7' title="bbox 149 695 1527 761; baseline -0.001 -18"><span class='ocrx_word' id='word_1_50' title='bbox 149 696 205 743; x_wconf 89' lang='lat' dir='ltr'>ad</span> <span class='ocrx_word' id='word_1_51' title='bbox 223 697 438 743; x_wconf 82' lang='lat' dir='ltr'>sinistram</span> <span class='ocrx_word' id='word_1_52' title='bbox 462 714 549 744; x_wconf 90' lang='lat' dir='ltr'>esse</span> <span class='ocrx_word' id='word_1_53' title='bbox 572 696 814 743; x_wconf 84' lang='lat' dir='ltr'>remanebit</span> <span class='ocrx_word' id='word_1_54' title='bbox 834 713 845 742; x_wconf 90' lang='lat'><strong>:</strong></span> <span class='ocrx_word' id='word_1_55' title='bbox 872 696 993 742; x_wconf 83' lang='lat' dir='ltr'>nulla</span> <span class='ocrx_word' id='word_1_56' title='bbox 1013 695 1181 759; x_wconf 86' lang='lat' dir='ltr'>reliqua</span> <span class='ocrx_word' id='word_1_57' title='bbox 1203 713 1284 742; x_wconf 70' lang='lat' dir='ltr'>vox</span> <span class='ocrx_word' id='word_1_58' title='bbox 1296 706 1374 753; x_wconf 78' lang='lat' dir='ltr'>est,</span> <span class='ocrx_word' id='word_1_59' title='bbox 1395 714 1527 761; x_wconf 85' lang='lat' dir='ltr'>quam</span> 
     </span>
     <span class='ocr_line' id='line_1_8' title="bbox 147 767 1525 832; baseline 0 -19"><span class='ocrx_word' id='word_1_60' title='bbox 147 768 259 817; x_wconf 82' lang='lat' dir='ltr'>sicut</span> <span class='ocrx_word' id='word_1_61' title='bbox 289 768 416 815; x_wconf 82' lang='lat' dir='ltr'>hoedi</span> <span class='ocrx_word' id='word_1_62' title='bbox 439 768 617 815; x_wconf 85' lang='lat' dir='ltr'>audiant</span> <span class='ocrx_word' id='word_1_63' title='bbox 647 786 694 815; x_wconf 77' lang='lat' dir='ltr'>ex</span> <span class='ocrx_word' id='word_1_64' title='bbox 721 785 793 815; x_wconf 88' lang='lat' dir='ltr'>ore</span> <span class='ocrx_word' id='word_1_65' title='bbox 817 768 1020 832; x_wconf 86' lang='lat' dir='ltr'>pastoris,</span> <span class='ocrx_word' id='word_1_66' title='bbox 1042 767 1153 823; x_wconf 78' lang='lat' dir='ltr'>nisi,</span> <span class='ocrx_word' id='word_1_67' title='bbox 1181 789 1201 809; x_wconf 89' lang='lat'>«</span> <span class='ocrx_word' id='word_1_68' title='bbox 1224 768 1287 813; x_wconf 90' lang='lat' dir='ltr'>lte</span> <span class='ocrx_word' id='word_1_69' title='bbox 1310 768 1356 813; x_wconf 90' lang='lat' dir='ltr'>in</span> <span class='ocrx_word' id='word_1_70' title='bbox 1379 768 1525 828; x_wconf 83' lang='lat' dir='ltr'>ignem</span> 
     </span>
     <span class='ocr_line' id='line_1_9' title="bbox 147 837 1530 903; baseline -0.002 -18"><span class='ocrx_word' id='word_1_71' title='bbox 147 849 397 886; x_wconf 82' lang='lat' dir='ltr'>»aeternum</span> <span class='ocrx_word' id='word_1_72' title='bbox 416 876 428 896; x_wconf 80' lang='grc'>,</span> <span class='ocrx_word' id='word_1_73' title='bbox 457 838 535 903; x_wconf 89' lang='lat' dir='ltr'>qui</span> <span class='ocrx_word' id='word_1_74' title='bbox 558 849 735 903; x_wconf 86' lang='lat' dir='ltr'>paratus</span> <span class='ocrx_word' id='word_1_75' title='bbox 759 848 820 885; x_wconf 86' lang='lat' dir='ltr'>est</span> <span class='ocrx_word' id='word_1_76' title='bbox 846 837 1024 884; x_wconf 89' lang='lat' dir='ltr'>diabolo</span> <span class='ocrx_word' id='word_1_77' title='bbox 1059 848 1101 883; x_wconf 89' lang='lat' dir='ltr'>et</span> <span class='ocrx_word' id='word_1_78' title='bbox 1139 837 1297 898; x_wconf 84' lang='lat' dir='ltr'>angelis</span> <span class='ocrx_word' id='word_1_79' title='bbox 1327 837 1482 898; x_wconf 67' lang='lat' dir='ltr'>ejus1:</span> <span class='ocrx_word' id='word_1_80' title='bbox 1509 859 1530 880; x_wconf 89' lang='lat'>›&gt;</span> 
     </span>
     <span class='ocr_line' id='line_1_10' title="bbox 145 908 1525 972; baseline 0 -18"><span class='ocrx_word' id='word_1_81' title='bbox 145 908 249 955; x_wconf 86' lang='lat' dir='ltr'>licet</span> <span class='ocrx_word' id='word_1_82' title='bbox 276 928 322 956; x_wconf 81' lang='lat' dir='ltr'>ex</span> <span class='ocrx_word' id='word_1_83' title='bbox 344 910 419 956; x_wconf 92' lang='lat' dir='ltr'>illo</span> <span class='ocrx_word' id='word_1_84' title='bbox 436 910 551 971; x_wconf 83' lang='lat' dir='ltr'>igne,</span> <span class='ocrx_word' id='word_1_85' title='bbox 577 909 689 956; x_wconf 86' lang='lat' dir='ltr'>sicut</span> <span class='ocrx_word' id='word_1_86' title='bbox 703 909 792 957; x_wconf 75' lang='lat' dir='ltr'>dixi</span> <span class='ocrx_word' id='word_1_87' title='bbox 808 946 820 966; x_wconf 83' lang='lat'>‚</span> <span class='ocrx_word' id='word_1_88' title='bbox 844 908 1012 956; x_wconf 74' lang='lat' dir='ltr'>diversa</span> <span class='ocrx_word' id='word_1_89' title='bbox 1032 908 1198 972; x_wconf 86' lang='lat' dir='ltr'>possint</span> <span class='ocrx_word' id='word_1_90' title='bbox 1221 908 1426 954; x_wconf 84' lang='lat' dir='ltr'>distribui</span> <span class='ocrx_word' id='word_1_91' title='bbox 1444 925 1525 972; x_wconf 87' lang='lat' dir='ltr'>pro</span> 
     </span>
     <span class='ocr_line' id='line_1_11' title="bbox 146 979 887 1044; baseline 0.001 -19"><span class='ocrx_word' id='word_1_92' title='bbox 146 980 380 1029; x_wconf 87' lang='lat' dir='ltr'>criminum</span> <span class='ocrx_word' id='word_1_93' title='bbox 391 980 636 1027; x_wconf 83' lang='lat' dir='ltr'>diversitate</span> <span class='ocrx_word' id='word_1_94' title='bbox 653 979 887 1044; x_wconf 85' lang='lat' dir='ltr'>supplicia.</span> 
     </span>
    </p>

    <p class='ocr_par' dir='ltr' id='par_1_3' title="bbox 136 1049 1530 2601">
     <span class='ocr_line' id='line_1_12' title="bbox 209 1049 1525 1114; baseline -0.002 -17"><span class='ocrx_word' id='word_1_95' title='bbox 209 1052 396 1098; x_wconf 71' lang='lat' dir='ltr'><strong>XXVII.</strong></span> <span class='ocrx_word' id='word_1_96' title='bbox 424 1052 586 1101; x_wconf 85' lang='lat' dir='ltr'>Utrum</span> <span class='ocrx_word' id='word_1_97' title='bbox 614 1061 757 1097; x_wconf 84' lang='lat' dir='ltr'>autem</span> <span class='ocrx_word' id='word_1_98' title='bbox 781 1049 1052 1096; x_wconf 86' lang='lat' dir='ltr'>catholicum</span> <span class='ocrx_word' id='word_1_99' title='bbox 1082 1049 1277 1114; x_wconf 85' lang='lat' dir='ltr'>pessimis</span> <span class='ocrx_word' id='word_1_100' title='bbox 1297 1050 1494 1096; x_wconf 88' lang='lat' dir='ltr'>moribus</span> <span class='ocrx_word' id='word_1_101' title='bbox 1513 1087 1525 1106; x_wconf 83' lang='lat'>‚</span> 
     </span>
     <span class='ocr_line' id='line_1_13' title="bbox 146 1120 1530 1184; baseline -0.001 -17"><span class='ocrx_word' id='word_1_102' title='bbox 146 1121 273 1176; x_wconf 83' lang='lat' dir='ltr'>alicui</span> <span class='ocrx_word' id='word_1_103' title='bbox 297 1123 506 1169; x_wconf 76' lang='lat' dir='ltr'>haeretico</span> <span class='ocrx_word' id='word_1_104' title='bbox 539 1124 583 1168; x_wconf 89' lang='lat' dir='ltr'>in</span> <span class='ocrx_word' id='word_1_105' title='bbox 613 1126 739 1182; x_wconf 85' lang='lat' dir='ltr'>cujus</span> <span class='ocrx_word' id='word_1_106' title='bbox 769 1123 858 1169; x_wconf 66' lang='lat' dir='ltr'>vita</span> <span class='ocrx_word' id='word_1_107' title='bbox 883 1131 1044 1184; x_wconf 79' lang='lat' dir='ltr'>praeter</span> <span class='ocrx_word' id='word_1_108' title='bbox 1067 1120 1113 1167; x_wconf 88' lang='lat' dir='ltr'>id</span> <span class='ocrx_word' id='word_1_109' title='bbox 1143 1120 1264 1184; x_wconf 85' lang='lat' dir='ltr'>quod</span> <span class='ocrx_word' id='word_1_110' title='bbox 1295 1120 1530 1167; x_wconf 83' lang='lat' dir='ltr'>haereticus</span> 
     </span>
     <span class='ocr_line' id='line_1_14' title="bbox 145 1191 1528 1256; baseline -0.001 -18"><span class='ocrx_word' id='word_1_111' title='bbox 145 1203 222 1249; x_wconf 89' lang='lat' dir='ltr'>est,</span> <span class='ocrx_word' id='word_1_112' title='bbox 242 1211 330 1239; x_wconf 88' lang='lat' dir='ltr'>non</span> <span class='ocrx_word' id='word_1_113' title='bbox 351 1193 579 1240; x_wconf 79' lang='lat' dir='ltr'>inveniunt</span> <span class='ocrx_word' id='word_1_114' title='bbox 601 1193 801 1239; x_wconf 86' lang='lat' dir='ltr'>homines</span> <span class='ocrx_word' id='word_1_115' title='bbox 819 1191 940 1256; x_wconf 87' lang='lat' dir='ltr'>quod</span> <span class='ocrx_word' id='word_1_116' title='bbox 964 1191 1289 1256; x_wconf 85' lang='lat' dir='ltr'>reprehendant</span> <span class='ocrx_word' id='word_1_117' title='bbox 1310 1228 1321 1247; x_wconf 82' lang='lat'>‚</span> <span class='ocrx_word' id='word_1_118' title='bbox 1353 1209 1528 1255; x_wconf 79' lang='lat' dir='ltr'>praepo-</span> 
     </span>
     <span class='ocr_line' id='line_1_15' title="bbox 144 1262 1529 1327; baseline -0.001 -18"><span class='ocrx_word' id='word_1_119' title='bbox 144 1280 243 1310; x_wconf 89' lang='lat' dir='ltr'>nere</span> <span class='ocrx_word' id='word_1_120' title='bbox 279 1265 542 1321; x_wconf 80' lang='lat' dir='ltr'>debeamus,</span> <span class='ocrx_word' id='word_1_121' title='bbox 581 1282 670 1311; x_wconf 89' lang='lat' dir='ltr'>non</span> <span class='ocrx_word' id='word_1_122' title='bbox 701 1264 840 1310; x_wconf 84' lang='lat' dir='ltr'>audeo</span> <span class='ocrx_word' id='word_1_123' title='bbox 871 1263 1151 1327; x_wconf 79' lang='lat' dir='ltr'>praecipitare</span> <span class='ocrx_word' id='word_1_124' title='bbox 1177 1263 1447 1309; x_wconf 84' lang='lat' dir='ltr'>sententiam.</span> <span class='ocrx_word' id='word_1_125' title='bbox 1482 1262 1529 1308; x_wconf 86' lang='lat' dir='ltr'>Si</span> 
     </span>
     <span class='ocr_line' id='line_1_16' title="bbox 145 1333 1529 1399; baseline -0.002 -19"><span class='ocrx_word' id='word_1_126' title='bbox 145 1345 288 1381; x_wconf 87' lang='lat' dir='ltr'>autem</span> <span class='ocrx_word' id='word_1_127' title='bbox 312 1335 408 1399; x_wconf 88' lang='lat' dir='ltr'>quis</span> <span class='ocrx_word' id='word_1_128' title='bbox 427 1335 562 1392; x_wconf 89' lang='lat' dir='ltr'>dicat,</span> <span class='ocrx_word' id='word_1_129' title='bbox 585 1335 689 1399; x_wconf 87' lang='lat' dir='ltr'>quia</span> <span class='ocrx_word' id='word_1_130' title='bbox 716 1335 952 1380; x_wconf 81' lang='lat' dir='ltr'>haereticus</span> <span class='ocrx_word' id='word_1_131' title='bbox 971 1344 1049 1390; x_wconf 75' lang='lat' dir='ltr'>est,</span> <span class='ocrx_word' id='word_1_132' title='bbox 1070 1351 1160 1379; x_wconf 87' lang='lat' dir='ltr'>non</span> <span class='ocrx_word' id='word_1_133' title='bbox 1182 1343 1326 1397; x_wconf 83' lang='lat' dir='ltr'>potest</span> <span class='ocrx_word' id='word_1_134' title='bbox 1344 1333 1431 1379; x_wconf 88' lang='lat' dir='ltr'>boc</span> <span class='ocrx_word' id='word_1_135' title='bbox 1456 1349 1529 1378; x_wconf 89' lang='lat' dir='ltr'>so-</span> 
     </span>
     <span class='ocr_line' id='line_1_17' title="bbox 143 1404 1528 1470; baseline -0.001 -21"><span class='ocrx_word' id='word_1_136' title='bbox 143 1404 236 1450; x_wconf 90' lang='lat' dir='ltr'>lum</span> <span class='ocrx_word' id='word_1_137' title='bbox 258 1422 363 1463; x_wconf 75' lang='lat' dir='ltr'>esse,¹</span> <span class='ocrx_word' id='word_1_138' title='bbox 388 1406 495 1470; x_wconf 85' lang='lat' dir='ltr'>quin</span> <span class='ocrx_word' id='word_1_139' title='bbox 520 1416 561 1452; x_wconf 92' lang='lat' dir='ltr'>et</span> <span class='ocrx_word' id='word_1_140' title='bbox 579 1406 661 1451; x_wconf 87' lang='lat' dir='ltr'>alia</span> <span class='ocrx_word' id='word_1_141' title='bbox 677 1415 1027 1468; x_wconf 84' lang='lat' dir='ltr'>consequantur:</span> <span class='ocrx_word' id='word_1_142' title='bbox 1050 1404 1232 1450; x_wconf 87' lang='lat' dir='ltr'>carnalis</span> <span class='ocrx_word' id='word_1_143' title='bbox 1262 1414 1324 1449; x_wconf 85' lang='lat' dir='ltr'>est</span> <span class='ocrx_word' id='word_1_144' title='bbox 1347 1404 1462 1450; x_wconf 91' lang='lat' dir='ltr'>enim</span> <span class='ocrx_word' id='word_1_145' title='bbox 1487 1413 1528 1448; x_wconf 86' lang='lat' dir='ltr'>et</span> 
     </span>
     <span class='ocr_line' id='line_1_18' title="bbox 144 1474 1527 1540; baseline -0.001 -20"><span class='ocrx_word' id='word_1_146' title='bbox 144 1476 356 1532; x_wconf 83' lang='lat' dir='ltr'>animalis,</span> <span class='ocrx_word' id='word_1_147' title='bbox 381 1494 430 1522; x_wconf 89' lang='lat' dir='ltr'>ac</span> <span class='ocrx_word' id='word_1_148' title='bbox 446 1492 524 1540; x_wconf 87' lang='lat' dir='ltr'>per</span> <span class='ocrx_word' id='word_1_149' title='bbox 541 1476 629 1523; x_wconf 88' lang='lat' dir='ltr'>hoc</span> <span class='ocrx_word' id='word_1_150' title='bbox 654 1486 694 1522; x_wconf 86' lang='lat' dir='ltr'>et</span> <span class='ocrx_word' id='word_1_151' title='bbox 719 1476 901 1522; x_wconf 78' lang='lat' dir='ltr'>aemulus</span> <span class='ocrx_word' id='word_1_152' title='bbox 926 1475 979 1521; x_wconf 88' lang='lat' dir='ltr'>sit</span> <span class='ocrx_word' id='word_1_153' title='bbox 1004 1491 1172 1521; x_wconf 86' lang='lat' dir='ltr'>necesse</span> <span class='ocrx_word' id='word_1_154' title='bbox 1193 1485 1270 1531; x_wconf 79' lang='lat' dir='ltr'>est,</span> <span class='ocrx_word' id='word_1_155' title='bbox 1299 1484 1340 1519; x_wconf 88' lang='lat' dir='ltr'>et</span> <span class='ocrx_word' id='word_1_156' title='bbox 1360 1474 1527 1518; x_wconf 84' lang='lat' dir='ltr'>animo-</span> 
     </span>
     <span class='ocr_line' id='line_1_19' title="bbox 142 1544 1526 1609; baseline -0.001 -18"><span class='ocrx_word' id='word_1_157' title='bbox 142 1561 230 1602; x_wconf 83' lang='lat' dir='ltr'>sus,</span> <span class='ocrx_word' id='word_1_158' title='bbox 253 1557 296 1592; x_wconf 91' lang='lat' dir='ltr'>et</span> <span class='ocrx_word' id='word_1_159' title='bbox 313 1546 506 1603; x_wconf 55' lang='lat' dir='ltr'>invidus2</span> <span class='ocrx_word' id='word_1_160' title='bbox 534 1557 576 1592; x_wconf 91' lang='lat' dir='ltr'>et</span> <span class='ocrx_word' id='word_1_161' title='bbox 591 1546 796 1592; x_wconf 88' lang='lat' dir='ltr'>inimicus</span> <span class='ocrx_word' id='word_1_162' title='bbox 820 1545 905 1609; x_wconf 86' lang='lat' dir='ltr'>ipsi</span> <span class='ocrx_word' id='word_1_163' title='bbox 923 1545 1095 1592; x_wconf 77' lang='lat' dir='ltr'>veritati</span> <span class='ocrx_word' id='word_1_164' title='bbox 1123 1545 1179 1590; x_wconf 87' lang='lat' dir='ltr'>ab</span> <span class='ocrx_word' id='word_1_165' title='bbox 1204 1562 1338 1608; x_wconf 83' lang='lat' dir='ltr'>eaque</span> <span class='ocrx_word' id='word_1_166' title='bbox 1356 1544 1526 1589; x_wconf 86' lang='lat' dir='ltr'>dissen-</span> 
     </span>
     <span class='ocr_line' id='line_1_20' title="bbox 142 1613 1525 1679; baseline 0 -20"><span class='ocrx_word' id='word_1_167' title='bbox 142 1615 265 1662; x_wconf 88' lang='lat' dir='ltr'>tiens.</span> <span class='ocrx_word' id='word_1_168' title='bbox 291 1616 527 1676; x_wconf 83' lang='lat' dir='ltr'>Intelligat‚</span> <span class='ocrx_word' id='word_1_169' title='bbox 557 1627 598 1661; x_wconf 90' lang='lat' dir='ltr'>et</span> <span class='ocrx_word' id='word_1_170' title='bbox 621 1615 674 1661; x_wconf 91' lang='lat' dir='ltr'>de</span> <span class='ocrx_word' id='word_1_171' title='bbox 694 1616 778 1661; x_wconf 88' lang='lat' dir='ltr'>illis</span> <span class='ocrx_word' id='word_1_172' title='bbox 799 1615 939 1670; x_wconf 79' lang='lat' dir='ltr'>malis,</span> <span class='ocrx_word' id='word_1_173' title='bbox 967 1614 1088 1679; x_wconf 86' lang='lat' dir='ltr'>quod</span> <span class='ocrx_word' id='word_1_174' title='bbox 1103 1631 1239 1660; x_wconf 89' lang='lat' dir='ltr'>unum</span> <span class='ocrx_word' id='word_1_175' title='bbox 1261 1615 1408 1659; x_wconf 84' lang='lat' dir='ltr'>mitius</span> <span class='ocrx_word' id='word_1_176' title='bbox 1436 1613 1525 1660; x_wconf 87' lang='lat' dir='ltr'>ele-</span> 
     </span>
     <span class='ocr_line' id='line_1_21' title="bbox 141 1684 1520 1750; baseline 0 -21"><span class='ocrx_word' id='word_1_177' title='bbox 141 1685 263 1744; x_wconf 78' lang='lat' dir='ltr'>gerit,</span> <span class='ocrx_word' id='word_1_178' title='bbox 278 1685 418 1734; x_wconf 81' lang='lat' dir='ltr'>solum</span> <span class='ocrx_word' id='word_1_179' title='bbox 434 1687 478 1733; x_wconf 89' lang='lat' dir='ltr'>in</span> <span class='ocrx_word' id='word_1_180' title='bbox 495 1703 717 1750; x_wconf 79' lang='lat' dir='ltr'>quoquam</span> <span class='ocrx_word' id='word_1_181' title='bbox 738 1703 823 1731; x_wconf 89' lang='lat' dir='ltr'>esse</span> <span class='ocrx_word' id='word_1_182' title='bbox 840 1703 930 1731; x_wconf 89' lang='lat' dir='ltr'>non</span> <span class='ocrx_word' id='word_1_183' title='bbox 949 1703 1090 1749; x_wconf 83' lang='lat' dir='ltr'>posse,</span> <span class='ocrx_word' id='word_1_184' title='bbox 1107 1703 1155 1731; x_wconf 87' lang='lat' dir='ltr'>ea</span> <span class='ocrx_word' id='word_1_185' title='bbox 1192 1684 1357 1730; x_wconf 90' lang='lat' dir='ltr'>scilicet</span> <span class='ocrx_word' id='word_1_186' title='bbox 1375 1701 1520 1740; x_wconf 86' lang='lat' dir='ltr'>causa,</span> 
     </span>
     <span class='ocr_line' id='line_1_22' title="bbox 142 1755 1526 1818; baseline -0.002 -14"><span class='ocrx_word' id='word_1_187' title='bbox 142 1757 347 1818; x_wconf 85' lang='lat' dir='ltr'>quoniam</span> <span class='ocrx_word' id='word_1_188' title='bbox 368 1757 552 1804; x_wconf 84' lang='lat' dir='ltr'>carnalis</span> <span class='ocrx_word' id='word_1_189' title='bbox 571 1768 613 1803; x_wconf 87' lang='lat' dir='ltr'>et</span> <span class='ocrx_word' id='word_1_190' title='bbox 640 1757 837 1803; x_wconf 78' lang='lat' dir='ltr'>animalis</span> <span class='ocrx_word' id='word_1_191' title='bbox 861 1768 924 1806; x_wconf 84' lang='lat' dir='ltr'>est</span> <span class='ocrx_word' id='word_1_192' title='bbox 947 1774 956 1801; x_wconf 94' lang='lat'><strong>:</strong></span> <span class='ocrx_word' id='word_1_193' title='bbox 985 1756 1105 1804; x_wconf 71' lang='lat' dir='ltr'>velut</span> <span class='ocrx_word' id='word_1_194' title='bbox 1126 1755 1369 1812; x_wconf 83' lang='lat' dir='ltr'>ebriositas,</span> <span class='ocrx_word' id='word_1_195' title='bbox 1394 1773 1526 1818; x_wconf 86' lang='lat' dir='ltr'>quam</span> 
     </span>
     <span class='ocr_line' id='line_1_23' title="bbox 140 1826 1526 1884; baseline 0 -13"><span class='ocrx_word' id='word_1_196' title='bbox 140 1843 229 1872; x_wconf 91' lang='lat' dir='ltr'>non</span> <span class='ocrx_word' id='word_1_197' title='bbox 253 1827 394 1875; x_wconf 88' lang='lat' dir='ltr'>solum</span> <span class='ocrx_word' id='word_1_198' title='bbox 417 1828 506 1874; x_wconf 90' lang='lat' dir='ltr'>sine</span> <span class='ocrx_word' id='word_1_199' title='bbox 535 1829 715 1875; x_wconf 86' lang='lat' dir='ltr'>horrore</span> <span class='ocrx_word' id='word_1_200' title='bbox 732 1828 973 1884; x_wconf 82' lang='lat' dir='ltr'>nominare,</span> <span class='ocrx_word' id='word_1_201' title='bbox 1005 1828 1078 1874; x_wconf 89' lang='lat' dir='ltr'>sed</span> <span class='ocrx_word' id='word_1_202' title='bbox 1093 1827 1224 1873; x_wconf 87' lang='lat' dir='ltr'>etiam</span> <span class='ocrx_word' id='word_1_203' title='bbox 1243 1844 1345 1873; x_wconf 87' lang='lat' dir='ltr'>cum</span> <span class='ocrx_word' id='word_1_204' title='bbox 1364 1826 1526 1872; x_wconf 82' lang='lat' dir='ltr'>hilari-</span> 
     </span>
     <span class='ocr_line' id='line_1_24' title="bbox 139 1897 1527 1962; baseline 0.001 -21"><span class='ocrx_word' id='word_1_205' title='bbox 139 1905 228 1943; x_wconf 84' lang='lat' dir='ltr'>tate</span> <span class='ocrx_word' id='word_1_206' title='bbox 246 1898 402 1962; x_wconf 85' lang='lat' dir='ltr'>populi</span> <span class='ocrx_word' id='word_1_207' title='bbox 415 1898 690 1962; x_wconf 59' lang='lat' dir='ltr'>praedicare</span> <span class='ocrx_word' id='word_1_208' title='bbox 673 1916 766 1958; x_wconf 69' lang='lat' dir='ltr'>jam</span> <span class='ocrx_word' id='word_1_209' title='bbox 786 1909 1121 1952; x_wconf 78' lang='lat' dir='ltr'>consueverunt,</span> <span class='ocrx_word' id='word_1_210' title='bbox 1142 1897 1388 1961; x_wconf 83' lang='lat' dir='ltr'>numquid</span> <span class='ocrx_word' id='word_1_211' title='bbox 1378 1914 1422 1942; x_wconf 83' lang='lat' dir='ltr'>in</span> <span class='ocrx_word' id='word_1_212' title='bbox 1438 1914 1527 1960; x_wconf 87' lang='lat' dir='ltr'>quo</span> 
     </span>
     <span class='ocr_line' id='line_1_25' title="bbox 138 1965 1524 2038; baseline 0.003 -26"><span class='ocrx_word' id='word_1_213' title='bbox 138 1965 288 2024; x_wconf 86' lang='lat' dir='ltr'>fuerit,</span> <span class='ocrx_word' id='word_1_214' title='bbox 309 1969 400 2015; x_wconf 86' lang='lat' dir='ltr'>sola</span> <span class='ocrx_word' id='word_1_215' title='bbox 421 1987 507 2015; x_wconf 90' lang='lat' dir='ltr'>esse</span> <span class='ocrx_word' id='word_1_216' title='bbox 531 1970 723 2038; x_wconf 64' lang='lat' dir='ltr'>poterit?</span> <span class='ocrx_word' id='word_1_217' title='bbox 751 1970 859 2027; x_wconf 88' lang='lat' dir='ltr'>Quis</span> <span class='ocrx_word' id='word_1_218' title='bbox 885 1970 1000 2017; x_wconf 86' lang='lat' dir='ltr'>enim</span> <span class='ocrx_word' id='word_1_219' title='bbox 1024 1969 1220 2015; x_wconf 88' lang='lat' dir='ltr'>ebriosus</span> <span class='ocrx_word' id='word_1_220' title='bbox 1243 1986 1330 2015; x_wconf 89' lang='lat' dir='ltr'>non</span> <span class='ocrx_word' id='word_1_221' title='bbox 1353 1979 1393 2014; x_wconf 90' lang='lat' dir='ltr'>et</span> <span class='ocrx_word' id='word_1_222' title='bbox 1415 1985 1524 2016; x_wconf 89' lang='lat' dir='ltr'>con-</span> 
     </span>
     <span class='ocr_line' id='line_1_26' title="bbox 142 2039 1523 2104; baseline -0.001 -20"><span class='ocrx_word' id='word_1_223' title='bbox 142 2039 370 2097; x_wconf 80' lang='lat' dir='ltr'>tentiosus,</span> <span class='ocrx_word' id='word_1_224' title='bbox 398 2051 440 2086; x_wconf 90' lang='lat' dir='ltr'>et</span> <span class='ocrx_word' id='word_1_225' title='bbox 460 2041 695 2098; x_wconf 82' lang='lat' dir='ltr'>animosus,</span> <span class='ocrx_word' id='word_1_226' title='bbox 723 2052 765 2088; x_wconf 85' lang='lat' dir='ltr'>et</span> <span class='ocrx_word' id='word_1_227' title='bbox 784 2041 977 2097; x_wconf 68' lang='lat' dir='ltr'>invidae,</span> <span class='ocrx_word' id='word_1_228' title='bbox 1005 2052 1048 2088; x_wconf 87' lang='lat' dir='ltr'>et</span> <span class='ocrx_word' id='word_1_229' title='bbox 1067 2059 1089 2086; x_wconf 87' lang='lat' dir='ltr'>a</span> <span class='ocrx_word' id='word_1_230' title='bbox 1106 2051 1433 2104; x_wconf 72' lang='lat' dir='ltr'>praeceptorum</span> <span class='ocrx_word' id='word_1_231' title='bbox 1451 2055 1523 2084; x_wconf 85' lang='lat' dir='ltr'>sa—</span> 
     </span>
     <span class='ocr_line' id='line_1_27' title="bbox 138 2109 1521 2172; baseline 0 -18"><span class='ocrx_word' id='word_1_232' title='bbox 138 2109 273 2156; x_wconf 86' lang='lat' dir='ltr'>nitate</span> <span class='ocrx_word' id='word_1_233' title='bbox 305 2110 589 2170; x_wconf 81' lang='lat' dir='ltr'>dissentienS‚</span> <span class='ocrx_word' id='word_1_234' title='bbox 624 2123 666 2158; x_wconf 89' lang='lat' dir='ltr'>et</span> <span class='ocrx_word' id='word_1_235' title='bbox 695 2112 977 2172; x_wconf 82' lang='lat' dir='ltr'>arguentibus</span> <span class='ocrx_word' id='word_1_236' title='bbox 1009 2129 1050 2157; x_wconf 91' lang='lat' dir='ltr'>se</span> <span class='ocrx_word' id='word_1_237' title='bbox 1076 2111 1262 2170; x_wconf 65' lang='lat' dir='ltr'>graxiter</span> <span class='ocrx_word' id='word_1_238' title='bbox 1285 2109 1521 2155; x_wconf 63' lang='lat' dir='ltr'>inimicus?</span> 
     </span>
     <span class='ocr_line' id='line_1_28' title="bbox 137 2150 1517 2237; baseline 0 -13"><span class='ocrx_word' id='word_1_239' title='bbox 137 2182 232 2227; x_wconf 85' lang='lat' dir='ltr'>Jam</span> <span class='ocrx_word' id='word_1_240' title='bbox 247 2197 348 2231; x_wconf 82' lang='lat' dir='ltr'>Vero</span> <span class='ocrx_word' id='word_1_241' title='bbox 369 2192 418 2227; x_wconf 93' lang='lat' dir='ltr'>ut</span> <span class='ocrx_word' id='word_1_242' title='bbox 443 2193 485 2228; x_wconf 90' lang='lat' dir='ltr'>et</span> <span class='ocrx_word' id='word_1_243' title='bbox 507 2150 747 2229; x_wconf 76' lang='lat' dir='ltr'>foriiicator</span> <span class='ocrx_word' id='word_1_244' title='bbox 771 2193 812 2228; x_wconf 91' lang='lat' dir='ltr'>et</span> <span class='ocrx_word' id='word_1_245' title='bbox 835 2181 1004 2230; x_wconf 82' lang='lat' dir='ltr'>adulter</span> <span class='ocrx_word' id='word_1_246' title='bbox 1022 2198 1111 2227; x_wconf 86' lang='lat' dir='ltr'>non</span> <span class='ocrx_word' id='word_1_247' title='bbox 1135 2181 1205 2237; x_wconf 80' lang='lat' dir='ltr'>sit,</span> <span class='ocrx_word' id='word_1_248' title='bbox 1226 2179 1401 2227; x_wconf 83' lang='lat' dir='ltr'>difficile</span> <span class='ocrx_word' id='word_1_249' title='bbox 1421 2190 1483 2224; x_wconf 84' lang='lat' dir='ltr'>est</span> <span class='ocrx_word' id='word_1_250' title='bbox 1506 2197 1517 2224; x_wconf 75' lang='lat' dir='ltr'><strong><em>z</em></strong></span> 
     </span>
     <span class='ocr_line' id='line_1_29' title="bbox 136 2250 1521 2313; baseline 0.001 -19"><span class='ocrx_word' id='word_1_251' title='bbox 136 2260 281 2312; x_wconf 82' lang='lat' dir='ltr'>potest</span> <span class='ocrx_word' id='word_1_252' title='bbox 307 2261 452 2298; x_wconf 85' lang='lat' dir='ltr'>tamen</span> <span class='ocrx_word' id='word_1_253' title='bbox 474 2270 564 2299; x_wconf 89' lang='lat' dir='ltr'>non</span> <span class='ocrx_word' id='word_1_254' title='bbox 587 2270 674 2299; x_wconf 89' lang='lat' dir='ltr'>esse</span> <span class='ocrx_word' id='word_1_255' title='bbox 690 2253 947 2307; x_wconf 79' lang='lat' dir='ltr'>haereticus3</span> <span class='ocrx_word' id='word_1_256' title='bbox 975 2252 1088 2299; x_wconf 87' lang='lat' dir='ltr'>sicut</span> <span class='ocrx_word' id='word_1_257' title='bbox 1114 2250 1349 2297; x_wconf 71' lang='lat' dir='ltr'>haereticus</span> <span class='ocrx_word' id='word_1_258' title='bbox 1378 2261 1521 2313; x_wconf 82' lang='lat' dir='ltr'>potest</span> 
     </span>
     <span class='ocr_line' id='line_1_30' title="bbox 136 2320 1519 2380; baseline 0.001 -14"><span class='ocrx_word' id='word_1_259' title='bbox 136 2336 225 2366; x_wconf 86' lang='lat' dir='ltr'>non</span> <span class='ocrx_word' id='word_1_260' title='bbox 247 2337 334 2367; x_wconf 89' lang='lat' dir='ltr'>esse</span> <span class='ocrx_word' id='word_1_261' title='bbox 352 2322 572 2380; x_wconf 85' lang='lat' dir='ltr'>ebriosus,</span> <span class='ocrx_word' id='word_1_262' title='bbox 596 2341 676 2370; x_wconf 90' lang='lat' dir='ltr'>nec</span> <span class='ocrx_word' id='word_1_263' title='bbox 709 2323 877 2370; x_wconf 84' lang='lat' dir='ltr'>adulter</span> <span class='ocrx_word' id='word_1_264' title='bbox 905 2334 979 2369; x_wconf 86' lang='lat' dir='ltr'>aut</span> <span class='ocrx_word' id='word_1_265' title='bbox 1000 2322 1237 2368; x_wconf 83' lang='lat' dir='ltr'>fornicator</span> <span class='ocrx_word' id='word_1_266' title='bbox 1256 2359 1268 2379; x_wconf 83' lang='lat'>‚</span> <span class='ocrx_word' id='word_1_267' title='bbox 1291 2338 1370 2373; x_wconf 85' lang='lat' dir='ltr'>nec</span> <span class='ocrx_word' id='word_1_268' title='bbox 1389 2320 1519 2369; x_wconf 85' lang='lat' dir='ltr'>luxu-</span> 
     </span>
     <span class='ocr_line' id='line_1_31' title="bbox 136 2389 1520 2458; baseline 0.001 -23"><span class='ocrx_word' id='word_1_269' title='bbox 136 2389 277 2444; x_wconf 85' lang='lat' dir='ltr'>riosus</span> <span class='ocrx_word' id='word_1_270' title='bbox 295 2403 369 2438; x_wconf 79' lang='lat' dir='ltr'>aut</span> <span class='ocrx_word' id='word_1_271' title='bbox 388 2403 555 2446; x_wconf 77' lang='lat' dir='ltr'>amator</span> <span class='ocrx_word' id='word_1_272' title='bbox 579 2395 781 2458; x_wconf 73' lang='lat' dir='ltr'>pecuniae</span> <span class='ocrx_word' id='word_1_273' title='bbox 808 2405 882 2441; x_wconf 87' lang='lat' dir='ltr'>aut</span> <span class='ocrx_word' id='word_1_274' title='bbox 914 2395 1133 2441; x_wconf 73' lang='lat' dir='ltr'>veneficus</span> <span class='ocrx_word' id='word_1_275' title='bbox 1151 2431 1164 2451; x_wconf 83' lang='grc'>,</span> <span class='ocrx_word' id='word_1_276' title='bbox 1196 2404 1239 2439; x_wconf 88' lang='lat' dir='ltr'>et</span> <span class='ocrx_word' id='word_1_277' title='bbox 1268 2392 1397 2443; x_wconf 88' lang='lat' dir='ltr'>simul</span> <span class='ocrx_word' id='word_1_278' title='bbox 1421 2392 1520 2438; x_wconf 87' lang='lat' dir='ltr'>baec</span> 
     </span>
     <span class='ocr_line' id='line_1_32' title="bbox 136 2463 1519 2531; baseline 0.003 -24"><span class='ocrx_word' id='word_1_279' title='bbox 136 2463 281 2508; x_wconf 83' lang='lat' dir='ltr'>omnia</span> <span class='ocrx_word' id='word_1_280' title='bbox 295 2474 438 2527; x_wconf 83' lang='lat' dir='ltr'>potest</span> <span class='ocrx_word' id='word_1_281' title='bbox 454 2482 543 2512; x_wconf 89' lang='lat' dir='ltr'>non</span> <span class='ocrx_word' id='word_1_282' title='bbox 561 2483 660 2513; x_wconf 90' lang='lat' dir='ltr'>esse.</span> <span class='ocrx_word' id='word_1_283' title='bbox 691 2468 840 2531; x_wconf 66' lang='lat' dir='ltr'>Neque</span> <span class='ocrx_word' id='word_1_284' title='bbox 863 2465 977 2511; x_wconf 83' lang='lat' dir='ltr'>enim</span> <span class='ocrx_word' id='word_1_285' title='bbox 999 2483 1136 2519; x_wconf 81' lang='lat' dir='ltr'>unum</span> <span class='ocrx_word' id='word_1_286' title='bbox 1160 2463 1338 2529; x_wconf 82' lang='lat' dir='ltr'>aliquod</span> <span class='ocrx_word' id='word_1_287' title='bbox 1361 2463 1519 2514; x_wconf 82' lang='lat' dir='ltr'>vitium</span> 
     </span>
     <span class='ocr_line' id='line_1_33' title="bbox 137 2533 1512 2601; baseline 0.006 -25"><span class='ocrx_word' id='word_1_288' title='bbox 137 2533 285 2579; x_wconf 87' lang='lat' dir='ltr'>omnia</span> <span class='ocrx_word' id='word_1_289' title='bbox 316 2544 472 2585; x_wconf 82' lang='lat' dir='ltr'>caetera</span> <span class='ocrx_word' id='word_1_290' title='bbox 494 2547 837 2601; x_wconf 85' lang='lat' dir='ltr'>consequuntur.</span> <span class='ocrx_word' id='word_1_291' title='bbox 863 2536 1103 2601; x_wconf 82' lang='lat' dir='ltr'>Propositis</span> <span class='ocrx_word' id='word_1_292' title='bbox 1132 2536 1279 2601; x_wconf 80' lang='lat' dir='ltr'>itaque</span> <span class='ocrx_word' id='word_1_293' title='bbox 1313 2534 1512 2590; x_wconf 81' lang='lat' dir='ltr'>duobus,</span> 
     </span>
    </p>
   </div>
   <div class='ocr_carea' id='block_1_3' title="bbox 185 2618 1387 2720">
    <p class='ocr_par' dir='ltr' id='par_1_4' title="bbox 185 2618 1387 2720">
     <span class='ocr_line' id='line_1_34' title="bbox 185 2618 496 2662; baseline 0.006 -10"><span class='ocrx_word' id='word_1_294' title='bbox 185 2618 196 2642; x_wconf 87' lang='lat'><strong>¹</strong></span> <span class='ocrx_word' id='word_1_295' title='bbox 215 2619 333 2654; x_wconf 82' lang='lat' dir='ltr'>Matth.</span> <span class='ocrx_word' id='word_1_296' title='bbox 350 2632 425 2662; x_wconf 61' lang='lat' dir='ltr'>xm,</span> <span class='ocrx_word' id='word_1_297' title='bbox 440 2628 459 2660; x_wconf 75' lang='grc'>4</span> <span class='ocrx_word' id='word_1_298' title='bbox 469 2634 496 2654; x_wconf 89' lang='lat'>1.</span> 
     </span>
     <span class='ocr_line' id='line_1_35' title="bbox 1308 2685 1387 2720; baseline 0.013 -1"><span class='ocrx_word' id='word_1_299' title='bbox 1308 2689 1333 2719; x_wconf 75' lang='lat'><strong>2</strong></span> <span class='ocrx_word' id='word_1_300' title='bbox 1341 2685 1365 2715; x_wconf 82' lang='lat'><strong>2</strong></span> <span class='ocrx_word' id='word_1_301' title='bbox 1378 2709 1387 2720; x_wconf 84' lang='lat'><strong>.</strong></span> 
     </span>
    </p>
   </div>
  </div>
 </body>
</html>
