1894 3154
279 254 336 286 DE
372 253 592 287 BAPT1sMo
624 254 799 286 CONTRA
831 254 1124 297 D0NAT1srAs,
1165 256 1252 287 LIB.
1293 257 1355 289 1v.
1431 241 1524 288 315

156 320 238 366 resi
247 320 313 366 vel
324 320 557 366 schismate
569 320 818 383 baptizatur
838 337 849 365 z
877 320 1050 383 utrique
1064 331 1202 366 autem
1225 334 1416 369 correcto
1430 340 1532 386 pro-

158 390 275 436 desse
300 390 473 453 incipit,
497 389 615 453 quod
644 400 742 435 ante
758 406 846 435 non
867 389 1090 453 proderat,
1118 390 1190 436 sed
1214 402 1356 437 tamen
1373 394 1526 440 inerat.

223 461 298 506 VI.
323 460 573 522 Baptizatus
593 477 693 519 ergo
715 459 763 505 in
797 459 951 505 haeresi
974 478 1063 506 non
1087 462 1137 506 fit
1170 461 1385 525 templum
1409 463 1490 508 Dei
1516 479 1527 508 ε

155 530 371 593 numquid
398 542 541 576 tamen
564 530 660 576 ideo
699 548 781 594 pro
810 530 1033 594 baptizato
1057 549 1146 577 non
1182 532 1414 578 habendus
1436 535 1529 578 est?

158 603 192 647 N
201 620 268 647 3111
294 620 373 648 nec
397 619 550 648 avarus
572 602 690 648 intus
711 602 956 665 baptizatus
986 603 1036 648 fit
1060 603 1274 666 templum
1298 604 1394 659 Dei,
1418 604 1452 649 si
1476 603 1531 649 ab

156 673 334 719 avaritia
365 691 454 719 non
488 674 720 720 recesserit.
753 674 842 730 Qui
873 673 987 719 enim
1023 675 1136 719 fiunt
1168 674 1383 738 templum
1422 674 1528 730 Dei,

154 742 377 806 possident
401 743 552 807 utique
572 761 753 803 regumn
775 744 869 791 Dei.
897 745 1130 808 Apostolus
1145 755 1287 791 autem
1307 745 1534 790 dicitinter

155 812 322 859 multa:
351 835 371 855 c<
387 815 538 877 Neque
563 816 700 870 avari,
720 832 860 878 neque
883 833 1059 878 rapaces
1084 833 1265 876 regnum
1287 816 1367 861 Dei
1390 816 1534 879 possi-

157 903 178 924 »
199 883 368 930 debunt
390 883 424 931 1.
447 905 466 926 >)
490 885 730 931 Avaritiam
774 885 940 948 quippe
975 885 1194 931 idolorum
1231 885 1426 932 servituti
1449 885 1533 931 alio

155 952 251 999 loco
267 953 385 999 idem
406 955 638 1017 Apostolus
651 966 879 1018 comparat
897 973 907 1000 ε
926 976 946 996 c<
963 956 1018 1000 Et
1037 955 1234 1009 avaritia,
1257 955 1419 1018 inquit,
1434 971 1535 1018 quae

157 1022 479 1069 »estidolorum
493 1025 676 1070 servitus
701 1025 735 1071 2.
762 1047 776 1065 »
796 1025 937 1081 Quem
957 1041 1130 1070 sensum
1148 1025 1266 1071 idern
1286 1025 1536 1089 Cyprianus

157 1092 218 1138 sic
241 1094 510 1153 exaggeravit
526 1094 572 1140 in
600 1093 795 1158 Epistola
825 1094 880 1139 ad
908 1095 1207 1140 Antonianum
1231 1095 1249 1123 3
1269 1132 1281 1151 ,
1309 1105 1358 1141 ut
1387 1111 1539 1142 eorum

157 1173 338 1225 peccato
361 1163 438 1227 qui
460 1173 656 1227 tempore
678 1164 988 1228 persecutionis
1006 1182 1084 1227 per
1106 1164 1277 1210 libellos
1296 1182 1338 1210 se
1354 1164 1536 1210 thurifi-

159 1243 333 1279 caturos
357 1233 540 1296 professi
557 1245 703 1291 erant,
727 1251 876 1281 avaros
904 1251 1156 1298 comparare
1178 1252 1267 1280 11011
1291 1235 1530 1281 dubitaret.

159 1303 233 1349 Sic
255 1320 355 1363 ergo
379 1303 426 1349 in
449 1304 606 1350 haeresi
628 1304 876 1367 baptizatus
898 1304 943 1349 in
959 1305 1134 1350 nomine
1158 1314 1320 1349 sanctae
1339 1304 1535 1349 Trinita-

158 1374 230 1430 tis,
275 1385 420 1420 tamen
443 1391 532 1420 non
560 1375 611 1420 fit
630 1374 846 1438 templum
867 1375 947 1420 Dei
972 1412 983 1431 ,
1008 1375 1042 1420 si
1059 1375 1115 1420 al)
1132 1375 1287 1420 haeresi
1306 1391 1394 1420 11011
1410 1391 1543 1420 reces-

159 1444 277 1501 serit,
301 1444 521 1508 quomodo
543 1462 684 1509 neque
707 1446 753 1491 in
777 1445 958 1491 avaritia
980 1446 1026 1491 in
1050 1445 1203 1491 eodem
1225 1446 1400 1492 nomine
1423 1446 1540 1508 bap-

158 1515 315 1561 tizatus
338 1517 389 1561 fit
405 1515 622 1580 templum
646 1516 744 1573 Dei,
766 1517 801 1562 si
825 1517 878 1561 ab
904 1517 1085 1562 avaritia
1107 1534 1195 1562 non
1216 1516 1416 1572 recedat,
1440 1532 1541 1578 quae

159 1596 222 1631 est
245 1585 465 1632 idolorum
488 1587 683 1634 servitus.
717 1588 830 1633 Nam
853 1598 894 1632 et
918 1588 1004 1633 hoc
1027 1587 1143 1632 idem
1164 1587 1399 1650 Apostolus
1410 1585 1537 1631 dicit:

160 1677 182 1698 c<
204 1656 318 1713 Quae
341 1657 600 1720 compositio
622 1657 786 1721 templo
816 1658 899 1703 Dei
928 1674 1028 1703 cum
1056 1657 1184 1703 idolis
1203 1657 1222 1686 4
1237 1661 1255 1704 ‘2³
1270 1679 1290 1699 n
1313 1658 1412 1703 Non
1439 1672 1539 1716 ergo

161 1727 215 1774 de
237 1728 366 1773 nobis
389 1739 614 1792 quaeratur
631 1733 757 1789 cujus
785 1729 866 1774 Dei
892 1729 1106 1792 templum
1129 1730 1206 1774 fiat
1223 1765 1234 1785 ,
1261 1745 1394 1792 quem
1423 1727 1539 1773 dici-

160 1815 259 1846 mus
282 1798 499 1862 templum
522 1799 602 1845 Dei
624 1816 713 1845 non
733 1800 840 1845 fieri.
871 1799 960 1846 Nec
980 1810 1126 1845 tamen
1150 1798 1249 1844 ideo
1272 1815 1361 1843 non
1389 1796 1542 1860 bapti-

162 1879 302 1925 zatur,
323 1886 403 1914 nec
416 1871 508 1929 ejus
533 1886 650 1915 error
673 1870 926 1915 immundus
944 1870 1073 1915 efficit
1093 1880 1143 1915 ut
1165 1869 1322 1914 nonsit
1344 1878 1542 1913 sanctum

161 1949 498 1995 sacramentum,
528 1939 647 2002 quod
672 1939 841 2003 accepit
858 1940 1002 1986 verbis
1021 1939 1291 1998 Evangelicis
1316 1954 1544 1983 consecra-

163 2021 259 2057 tum
277 2029 287 2056 :
312 2011 426 2058 sicut
445 2029 524 2058 nec
545 2012 663 2059 illius
687 2013 885 2069 avaritia,
913 2030 1013 2076 quae
1032 2023 1094 2059 est
1114 2012 1334 2058 idolorum
1345 2011 1542 2065 servitus,

164 2093 206 2128 et
222 2099 377 2142 magna
401 2083 680 2130 immunditia
699 2095 841 2148 potest
861 2084 1025 2130 efficere
1043 2121 1055 2140 ,
1084 2095 1134 2129 111
1155 2100 1245 2129 11011
1271 2083 1326 2128 511
1343 2092 1542 2127 sanctum

163 2152 386 2216 baptisma
405 2153 526 2216 quod
546 2154 709 2217 accipit
728 2192 740 2211 ,
769 2154 898 2200 etiam
927 2155 962 2200 si
985 2154 1041 2199 ab
1079 2154 1162 2199 alio
1196 2170 1324 2199 avaro
1349 2151 1544 2197 similiter

163 2239 245 2285 per
261 2222 460 2268 eamdem
477 2225 613 2270 verba
635 2224 896 2284 Evangelica
917 2224 1176 2287 baptizetur.

232 2292 331 2340 VII.
375 2313 396 2335 «
419 2294 640 2352 Proinde,
674 2295 848 2358 inquit,
884 2295 1044 2341 frustra
1070 2293 1250 2357 quidam
1273 2293 1349 2357 qui
1379 2292 1545 2338 ratione

165 2363 430 2421 vincuntur,
459 2365 820 2411 consuetudinem
844 2365 970 2411 nobis
1001 2364 1219 2424 objiciunt
1236 2401 1247 2420 ,
1282 2363 1406 2426 quasi
1435 2379 1545 2408 con-

166 2433 348 2480 suetudo
372 2437 512 2495 major
529 2436 584 2481 sit
602 2436 812 2490 veritate3
837 2446 911 2482 aut
937 2452 1027 2481 non
1053 2434 1100 2480 id
1125 2435 1178 2480 sit
1211 2433 1258 2479 in
1278 2433 1548 2497 spiritalibus

167 2504 437 2568 sequendum
453 2542 466 2565 ‚
487 2506 609 2570 quod
626 2507 672 2553 in
691 2507 845 2554 melius
868 2506 1000 2553 fuerit
1024 2524 1048 2552 a
1071 2505 1240 2570 Spiritu
1262 2515 1410 2551 sancto
1433 2520 1550 2553 reve-

217 2588 229 2611 1
253 2600 266 2619 x
285 2590 359 2624 Cor.
377 2600 422 2630 vr,
440 2601 490 2625 10.
509 2608 555 2615 —
573 2588 589 2614 2
605 2589 725 2635 Ephes.
742 2602 774 2631 V,
788 2592 821 2625 5.
839 2609 883 2617 -
898 2587 913 2614 3
930 2589 1030 2634 Epist.
1049 2589 1103 2623 55.
1117 2605 1162 2614 —-
1177 2586 1193 2612 4
1210 2600 1228 2621 2
1246 2589 1321 2622 Cor.
1337 2599 1379 2627 vx,
1403 2588 1456 2619 16.
