1894 3154
313 292 402 323 212
715 293 748 323 s,
793 291 1030 322 Ater-ssim
1068 291 1267 322 liviscort

314 359 425 404 ritiae
468 356 727 417 collegarum
749 355 785 412 ¹¹,
831 374 930 402 cum
967 374 1013 402 ea
1063 356 1171 402 mala
1212 356 1540 402 tribulationum
1583 370 1683 417 qua:

316 427 565 492 patiebatur
584 427 658 472 illo
684 437 876 489 tempore
901 427 1107 481 Ecclesia,
1134 443 1326 471 censura*v
1351 427 1510 473 dixinoe
1532 436 1573 470 et
1592 425 1684 469 dis-

317 499 493 561 ciplinae
509 498 736 552 tribueret,
759 497 1104 541 commemoratis
1127 513 1234 559 quos
1257 507 1434 542 noverat
1456 496 1687 559 episcopo-

316 585 413 613 rum
434 567 626 630 pessimis
640 566 855 620 moribus,
882 566 957 627 qui
982 565 1270 611 esurientibus
1299 565 1686 611 fratribushabere

320 647 545 696 argentum
565 635 738 694 largiter
756 635 930 691 vellent,
959 634 1118 680 fundos
1136 634 1350 680 insidiosis
1367 635 1595 681 fraudibus
1616 652 1689 679 ra-

317 716 494 770 perent,
530 706 667 751 usuris
691 705 1087 768 multiplicantibus
1110 705 1254 751 foenus
1278 717 1493 765 augerent.
1524 727 1544 746 «
1570 703 1691 762 Quid

319 799 339 819 υ
356 793 460 832 non,
475 775 636 838 inquit,
652 775 820 838 perpeti
835 775 936 820 tales
947 793 1027 839 pro
1041 776 1229 839 peccatis
1240 775 1494 835 hujusmodi
1512 791 1692 820 merere-

319 868 341 890 »
358 849 481 893 mur'?
495 868 515 888 »
528 847 584 892 lit
598 846 753 892 deinde
763 846 947 892 adhibet
963 848 1253 893 testimonium
1266 846 1318 892 de
1332 847 1512 893 Psalmis
1526 846 1688 892 dicens:

324 940 344 960 «
371 919 484 963 Cum
520 921 611 977 jam
641 917 809 980 pridem
842 919 1058 964 monuerit
1078 928 1119 963 et
1145 918 1299 964 dixerit.
1319 934 1497 963 censura
1526 917 1691 970 divina,

322 1010 341 1032 ›>
368 988 411 1034 Si
422 987 728 1051 dereliquerint
746 988 824 1033 filii
840 992 929 1048 ejus
945 989 1078 1049 legem
1101 1006 1258 1045 meam,
1284 989 1384 1034 etin
1397 988 1575 1048 judiciis
1593 986 1697 1032 meis

323 1081 344 1102 »
369 1076 457 1104 non
483 1057 824 1111 ambulaverint3
866 1059 899 1104 si
937 1059 1124 1118 justitias
1146 1076 1258 1103 meas
1276 1057 1618 1121 profanaverint,
1657 1066 1699 1101 et

333 1150 354 1170 »
381 1137 599 1191 praecepta
627 1143 719 1171 mea
737 1144 825 1172 non
849 1127 1195 1180 observaverim&
1218 1127 1465 1172 visitalzoin
1481 1126 1597 1186 virga
1612 1125 1700 1170 ini-

330 1220 352 1241 »
376 1197 561 1261 quitates
584 1213 753 1253 eorum,
799 1208 839 1242 ct
862 1197 907 1242 in
927 1197 1106 1258 flagellis
1130 1196 1285 1242 delicta
1312 1213 1459 1242 corum
1498 1213 1508 1240 :
1536 1195 1700 1241 miseri—

328 1291 349 1311 »
374 1267 568 1314 cordiam
594 1277 737 1312 autem
778 1285 916 1313 meam
941 1285 1027 1313 non
1048 1267 1292 1330 dis-pergam
1313 1267 1368 1312 ab
1386 1267 1443 1312 eis
1471 1266 1504 1312 2.
1533 1288 1551 1308 κ

391 1338 486 1384 XV.
512 1337 848 1383 Misericorditer
871 1337 1003 1398 igitur
1020 1338 1229 1400 corripiat
1244 1337 1374 1382 homo
1389 1335 1504 1400 quod
1525 1345 1664 1399 potest
1682 1352 1693 1380 :

329 1407 449 1472 quod
464 1417 604 1453 autem
619 1423 705 1452 non
724 1417 865 1471 potest
885 1408 1099 1471 patienter
1110 1408 1235 1463 ferat,
1260 1417 1299 1453 et
1316 1407 1546 1452 dilectione
1565 1415 1706 1466 gemat

329 1490 458 1542 atque
475 1478 637 1537 lugeat,
658 1477 796 1523 donec
821 1488 892 1523 aut
918 1477 989 1522 ille
1008 1477 1192 1540 desuper
1216 1477 1469 1522 emendetet
1496 1475 1703 1535 corrigat,

333 1559 406 1595 aut
424 1564 558 1610 usque
573 1547 627 1592 ad
654 1564 827 1592 messem
848 1547 1014 1592 differat
1033 1546 1250 1592 eradicare
1278 1546 1455 1601 zizania,
1475 1556 1516 1590 et
1538 1544 1707 1608 paleam

332 1619 538 1665 ventilare
559 1635 569 1662 z
599 1628 647 1662 ut
668 1629 809 1662 tamen
825 1618 963 1663 securi
987 1616 1039 1662 de
1059 1617 1194 1662 salute
1214 1634 1288 1663 sua
1304 1617 1432 1662 bonae
1458 1616 1548 1679 spei
1563 1614 1710 1661 Chris-

336 1689 443 1734 tiani
464 1689 577 1733 inter
602 1687 865 1750 desperatos,
887 1704 996 1751 quos
1020 1688 1240 1751 corripere
1262 1704 1349 1732 non
1374 1686 1535 1743 valent,
1550 1685 1594 1731 in
1609 1685 1711 1730 uni-

338 1770 424 1804 tate
448 1768 688 1812 versentur,
716 1756 913 1803 autemut
936 1757 1098 1803 malum
1119 1776 1140 1803 a
1162 1775 1203 1803 se
1229 1757 1354 1821 ipsiS,
1388 1756 1432 1802 id
1459 1767 1543 1812 cst,
1589 1765 1637 1801 ut
1668 1755 1713 1800 in

341 1829 446 1893 ipsis
468 1846 556 1874 non
574 1828 818 1874 inveniatur
834 1828 953 1892 quod
983 1829 1028 1873 in
1050 1828 1245 1873 moribus
1267 1827 1451 1872 aliorum
1476 1827 1534 1872 eis
1556 1825 1715 1889 dispti-·

341 1911 422 1947 cet.
459 1902 571 1946 Cum
595 1899 708 1944 enim
736 1898 904 1944 dixisset
941 1897 1198 1962 Apostolus:
1223 1920 1241 1939 α
1269 1899 1368 1955 Quo
1392 1899 1505 1944 enim
1529 1897 1639 1943 mihi
1664 1896 1717 1942 de

344 1992 365 2013 »
389 1970 440 2016 iis
457 1969 535 2033 qui
556 1967 657 2014 foris
680 1978 780 2013 sunt
806 1968 1030 2027 judicare)
1058 1969 1210 2013 Nonne
1235 1966 1287 2012 de
1307 1967 1357 2012 iis
1383 1968 1458 2030 qui
1482 1967 1598 2012 intus
1618 1975 1719 2011 sunt

348 2064 368 2085 n
391 2058 467 2087 vos
485 2039 722 2099 judicatis?
748 2039 800 2083 de
820 2039 886 2083 his
911 2048 1052 2083 autem
1071 2039 1147 2102 qui
1172 2037 1274 2082 foris
1297 2047 1398 2082 sunt
1422 2035 1719 2096 Deusjuclica-

349 2135 369 2156 ι.»
394 2112 462 2157 bit
481 2112 514 2156 ²⁵.
535 2110 799 2171 »Tanquam
820 2107 882 2153 illi
909 2108 1244 2171 responderent:
1269 2106 1388 2163 Quid
1411 2107 1593 2166 agimus,
1620 2122 1720 2151 cum

347 2185 407 2230 ita
426 2180 731 2244 improborum
751 2178 1032 2224 multitudine
1054 2178 1312 2241 premimur,
1337 2177 1610 2237 utjudicium
1628 2192 1723 2220 nos-

348 2265 465 2299 trum
480 2252 523 2296 in
548 2250 691 2314 aliqua
716 2248 976 2295 coercitione
992 2264 1079 2293 non
1094 2247 1308 2311 possimus
1329 2246 1576 2293 exercere4?
1600 2267 1620 2286 «
1638 2247 1724 2291 Au·

352 2345 373 2366 >³
397 2322 523 2377 ferte,
548 2320 689 2383 inquit
707 2356 718 2377 ‚
755 2319 916 2365 malum
952 2335 1000 2363 ex
1039 2318 1162 2364 vohis
1193 2317 1296 2380 ipsis
1320 2335 1330 2362 t
1353 2340 1372 2359 ›>
1397 2317 1441 2363 id
1465 2327 1528 2362 est
1547 2353 1557 2371 ‚
1587 2315 1620 2361 si
1637 2331 1725 2361 non

357 2392 533 2458 potestis
554 2391 719 2436 auferre
743 2390 875 2435 malos
909 2407 953 2434 ex
973 2387 1115 2434 medio
1144 2397 1358 2443 vestrum,
1386 2387 1531 2450 ipsum
1562 2385 1726 2431 malum

357 2463 518 2510 auferte
533 2479 580 2507 ex
592 2462 715 2508 vobis
731 2460 849 2524 ipsis.
871 2458 1001 2516 Quod
1017 2459 1049 2504 si
1062 2458 1290 2521 quisquam
1305 2456 1407 2503 velit
1422 2458 1481 2502 sic
1493 2454 1728 2515 intelligere

404 2565 413 2586 ¹
433 2562 612 2606 Cyprianus
633 2564 734 2593 Scrm.
757 2560 796 2591 de
813 2560 918 2604 laps's.
933 2576 977 2584 -
995 2557 1011 2580 2
1033 2557 1113 2591 ssal.
1135 2567 1292 2597 ιαμ-ιω,
1310 2559 1365 2590 31.
1386 2576 1429 2582 -—
1448 2554 1461 2579 3
1485 2568 1498 2588 x
1526 2558 1601 2589 Cor,
1621 2565 1650 2595 v,
1669 2565 1722 2589 η,

365 2635 412 2643 —-
429 2615 442 2639 ⁴
462 2617 545 2650 vntr-
568 2627 579 2646 1
600 2618 687 2646 um.
704 2625 771 2657 cap.
794 2626 842 2654 ις.
