1894 3154
608 270 664 301 DE
699 270 952 313 TRINITATE,
991 272 1078 302 LIB.
1119 274 1191 304 XV.
1525 279 1582 327 77

216 347 280 383 ter
317 334 464 392 dedit,
504 351 592 381 non
616 337 708 394 jam
740 335 931 381 existenti
970 347 1011 381 et
1044 337 1240 383 nondum
1260 338 1442 387 habenti
1474 359 1485 387 z
1512 344 1583 388 sed

214 404 429 469 quidquid
446 404 665 464 unigenito
679 404 822 451 Verbo
841 405 984 462 dedit,
1002 406 1216 465 gignendo
1237 407 1371 456 dedit.
1393 410 1465 456 Sic
1484 429 1583 472 ergo

215 492 312 521 eum
331 475 500 535 genuit,
525 485 573 520 ut
589 475 716 520 etiam
743 474 796 520 de
820 475 894 520 illo
915 478 1091 521 Donum
1116 494 1347 525 commune
1370 482 1584 544 procede-

214 555 279 590 ret
296 582 307 601 ,
335 555 377 590 et
395 545 582 608 Spiritus
602 555 776 590 sanctus
799 545 976 608 spiritus
997 556 1103 591 esset
1122 548 1367 596 amborum.
1401 551 1499 596 Non
1525 563 1586 596 est

214 614 348 673 igitur
367 614 622 677 accipienda
640 624 909 659 transeunter
921 651 931 670 ‚
957 614 1030 660 sed
1047 614 1274 675 diligenter
1289 618 1495 664 intuenda
1514 620 1586 664 in-

215 683 470 747 separabilis
494 684 719 729 Trinitatis
747 684 826 729 ista
856 684 1092 731 distinctio.
1133 685 1249 732 Hinc
1280 689 1394 733 enim
1422 688 1586 734 factum

216 764 299 811 est,
329 765 381 800 ut
396 754 574 817 proprie
601 754 678 799 Dei
698 754 891 800 Verbum
917 755 1047 799 etiam
1073 755 1153 800 Dei
1174 757 1390 819 sapientia
1418 759 1587 805 dicere-

216 834 288 869 tur
301 862 311 881 ,
333 842 433 870 cum
453 825 506 870 sit
523 825 731 887 sapientia
749 835 789 869 et
807 826 937 870 Pater
951 836 992 870 et
1009 825 1197 887 Spiritus
1213 839 1399 876 sanetus,
1429 830 1472 874 Si
1490 848 1588 890 ergo

218 895 396 957 proprie
417 894 582 957 aliquid
603 895 761 939 horum
790 895 925 939 trium
953 895 1140 940 charitas
1174 898 1469 959 nuncupanda
1498 910 1585 954 est,

219 965 325 1026 quid
350 965 492 1027 aptius
513 981 642 1027 quam
662 974 711 1008 ut
730 964 815 1009 hoc
839 963 893 1009 sit
918 963 1106 1026 Spiritus
1123 970 1326 1011 sanctus?
1352 968 1410 1012 Ut
1427 969 1592 1013 scilicet

216 1033 263 1078 in
282 1034 355 1079 illa
369 1033 557 1096 simplici
579 1050 831 1096 summaque
855 1046 1031 1090 natura,
1052 1051 1141 1078 non
1164 1035 1218 1079 sit
1241 1035 1357 1081 aliud
1383 1038 1589 1083 substan-

220 1103 305 1159 tia,
334 1114 375 1148 et
403 1102 522 1148 aliud
553 1103 772 1156 charitas;
798 1103 871 1148 sed
898 1104 1140 1149 substantia
1167 1104 1261 1167 ipsa
1296 1107 1350 1151 sit
1371 1108 1587 1165 charitas,

219 1185 261 1219 et
280 1174 470 1219 charitas
485 1173 580 1236 ipsa
599 1173 653 1218 sit
674 1173 915 1218 substantia
936 1210 946 1229 ,
971 1174 1056 1219 sive
1070 1174 1115 1218 in
1134 1175 1279 1229 Patre,
1300 1177 1447 1223 sivein
1464 1179 1588 1234 Filio,

220 1244 306 1289 sive
327 1244 372 1288 in
400 1243 569 1306 Spiritu
591 1253 738 1288 sancto
755 1279 765 1298 ,
792 1253 834 1288 et
862 1253 1003 1288 tamen
1019 1244 1197 1306 proprie
1216 1245 1403 1308 Spiritus
1423 1259 1593 1294 sanctus

220 1313 412 1359 charitas
432 1323 727 1375 nuncupetur.

286 1385 425 1429 XXX.
456 1383 581 1428 Sicut
602 1384 725 1442 Legis
742 1383 917 1428 nomine
943 1383 1180 1446 aliquando
1199 1385 1327 1432 simul
1348 1389 1491 1434 omnia
1518 1406 1592 1434 ve—

223 1454 321 1499 teris
352 1453 635 1498 Iusti-umenti
670 1463 916 1498 sanctarum
950 1453 1264 1516 scripturarum
1296 1457 1595 1516 significantur

223 1523 407 1587 eloquia.
451 1525 564 1581 Nam
602 1540 647 1568 ex
682 1523 902 1586 propheta
947 1523 1058 1567 Isa'ia
1096 1524 1390 1571 testimonium
1430 1545 1595 1590 ponens

226 1593 457 1656 Apostolus
473 1630 483 1648 ,
507 1593 586 1638 ubi
613 1594 671 1638 ait
693 1610 704 1637 :
737 1615 757 1633 c<
779 1594 831 1637 In
851 1592 943 1637 aliis
963 1592 1118 1651 linguis
1144 1604 1186 1638 et
1204 1594 1249 1639 in
1273 1595 1362 1640 aliis
1379 1596 1504 1642 labiis
1525 1599 1592 1643 lo-

225 1685 246 1705 »
263 1680 373 1726 quar
385 1663 553 1726 populo
571 1662 706 1708 huic'l
729 1680 739 1707 :
765 1684 784 1703 n
803 1662 1014 1726 praemisit
1032 1673 1175 1708 tamen
1196 1682 1206 1708 ε
1225 1685 1245 1706 α
1262 1666 1313 1709 In
1333 1667 1442 1725 Lege
1459 1668 1596 1730 scrip-

227 1745 358 1779 »tum
382 1735 489 1781 est2.
514 1756 534 1775 υ
554 1734 716 1797 Etipse
739 1734 952 1779 Dominus
974 1751 983 1778 :
1007 1753 1026 1774 α
1046 1735 1096 1778 In
1118 1733 1232 1793 lege,
1257 1735 1428 1799 inquit,
1449 1755 1597 1783 eorum

227 1826 247 1846 »
265 1805 477 1867 scriptum
493 1814 555 1848 est
576 1840 586 1858 ‚
614 1803 717 1867 quia
737 1803 922 1848 oderunt
940 1819 1006 1847 me
1026 1804 1157 1862 gratis
1172 1804 1189 1832 3
1212 1822 1221 1848 ι
1248 1826 1268 1846 ›>
1303 1822 1405 1851 cum
1425 1807 1510 1852 hoc
1531 1808 1596 1853 le—

227 1885 354 1934 gatur
375 1875 420 1919 in
443 1873 631 1919 Psalmo.
661 1873 909 1936 Aliquando
935 1883 1077 1917 autem
1096 1874 1275 1936 proprie
1293 1887 1474 1922 vocatur
1492 1879 1594 1933 Lex,

227 1961 326 2007 quae
356 1943 456 1989 data
480 1953 542 1987 est
560 1959 639 2005 per
663 1944 843 2005 Moysen
861 1979 871 1998 ‚
903 1942 1140 1988 secundum
1168 1944 1287 2006 quod
1312 1945 1478 1992 dictum
1504 1958 1564 1992 cst
1585 1965 1596 1992 :

229 2035 249 2056 «
273 2016 360 2059 Lex
389 2024 430 2059 et
453 2013 691 2076 Prophetae
716 2030 850 2076 usque
875 2012 928 2058 ad
965 2013 1177 2058 Joannem
1188 2014 1221 2061 4.
1245 2036 1266 2056 »
1301 2017 1376 2071 Et,
1419 2038 1438 2057 «
1462 2018 1511 2062 In
1532 2018 1601 2062 his

229 2107 250 2127 ))
270 2085 444 2130 duobus
465 2084 699 2146 praeceptis
717 2094 808 2128 tota
826 2085 912 2128 Lex
929 2083 1089 2146 pendet
1109 2094 1148 2129 et
1173 2085 1451 2147 Prophetae5.
1477 2108 1497 2128 ))
1517 2087 1600 2132 Hic

230 2154 579 2218 utiqueproprie
610 2156 696 2199 Lex
721 2154 938 2217 appellata
967 2164 1054 2208 est,
1089 2153 1142 2198 de
1164 2165 1310 2200 monte
1340 2156 1457 2203 Sina.
1490 2158 1604 2202 Pro-

230 2226 465 2289 phetarum
491 2234 633 2270 autem
658 2225 834 2270 nomine
862 2225 991 2269 etiam
1021 2223 1184 2269 Psalmi
1212 2225 1441 2283 significati
1468 2239 1568 2273 sunt
1590 2246 1600 2273 ε

231 2306 274 2341 et
301 2307 441 2341 tamen
469 2295 552 2340 alio
576 2294 673 2340 loco
710 2295 803 2358 ipse
829 2295 1029 2340 Salvator
1051 2311 1063 2339 ε
1090 2315 1110 2335 «
1131 2294 1399 2357 Oportebat,
1434 2296 1601 2359 inquit,

233 2366 447 2429 »impleri
474 2365 620 2411 omnia
643 2382 744 2428 quae
772 2366 934 2428 scripta
968 2375 1068 2410 sunt
1091 2364 1137 2409 in
1163 2365 1276 2424 Lege
1307 2376 1348 2411 et
1376 2367 1609 2430 Prophetis

233 2457 254 2479 n
272 2446 314 2482 et
337 2434 518 2481 Psalmis
543 2434 595 2481 tle
618 2436 732 2481 mess.
756 2457 776 2477 >2
798 2435 883 2480 Hic
903 2451 1051 2480 rursus
1076 2434 1399 2498 Prophetarum
1420 2454 1577 2483 nomen
1594 2476 1605 2495 ,

281 2535 292 2558 ¹
314 2535 496 2573 Isa'i.xvi11,
515 2546 528 2565 1
541 2546 615 2566 r.—
632 2532 648 2556 2
665 2546 678 2565 1
698 2535 775 2568 Cor.
793 2544 862 2574 xxv,
879 2544 933 2572 21,
952 2538 983 2565 et
1001 2535 1094 2566 Joan.
1112 2545 1164 2572 xv,
1180 2536 1280 2566 25.—
1294 2532 1308 2557 3
1323 2533 1408 2569 Psal.
1428 2547 1536 2577 xxxw,
1555 2539 1609 2574 15,

234 2606 280 2613 —
296 2586 310 2611 ⁴
331 2587 449 2622 Matlh.
469 2598 537 2631 λιν,
562 2589 614 2620 13.
633 2604 679 2611 —
699 2585 712 2610 ⁵
731 2587 783 2622 Id.
802 2597 889 2627 xxu,
907 2593 963 2628 49.
982 2584 1248 2629 —6L110.xx1v7
1270 2594 1325 2626 44.
