1894 3154
301 288 355 318 DE
392 284 611 317 BAPTISMO
648 283 821 317 CONTRA
856 285 1148 327 noNAT1sTA÷‚
1191 289 1276 320 1111.
1321 291 1360 321 v.
1448 276 1541 340 369

173 371 242 400 eos
271 353 483 413 contingit
502 352 744 415 baptizari;
770 363 811 398 et
834 353 925 399 ovis
942 356 1030 413 jam
1059 352 1172 399 facta
1197 354 1368 401 dicatur
1384 358 1427 402 in
1448 357 1543 421 ipsa

172 425 289 472 intus
314 423 564 480 catholica,
595 424 670 488 qui
699 423 858 470 saeculo
878 424 1022 471 verbis
1045 424 1144 470 solis
1169 435 1210 470 et
1223 443 1310 471 non
1334 428 1456 475 factis
1473 446 1545 475 re-

174 494 405 552 nuntiavit,
426 505 467 540 61
486 493 532 539 111
550 511 597 539 ea
612 493 755 539 cordis
772 494 955 540 salsitate
972 494 1241 558 baptismum
1262 498 1443 560 accepit.
1461 500 1548 545 Aut

174 565 209 611 si
233 576 274 611 et
291 565 388 611 talis
407 582 494 611 non
508 566 557 610 fit
580 565 686 622 ovis,
720 564 800 610 nisi
826 582 925 611 cum
945 583 986 611 se
1011 565 1066 611 ad
1089 567 1228 613 Deum
1252 568 1394 614 Veraci
1414 568 1546 614 corde

174 636 459 682 converterit:
486 636 597 681 sicut
615 635 693 681 iste
720 653 808 681 non
830 635 1006 699 quando
1030 637 1081 682 fit
1106 636 1195 683 ovis
1218 637 1486 701 baptizatur,
1514 639 1550 684 si

167 709 259 765 jam
283 706 529 769 baptizatus
563 716 678 762 erat,
714 705 787 751 sed
821 707 911 752 ovis
934 706 1130 753 nondum
1169 718 1288 763 erat3
1331 709 1390 754 sic
1414 720 1455 754 et
1478 709 1549 756 ille

174 775 251 839 qui
269 777 386 823 venit
409 777 465 822 ab
484 776 699 822 haereticis
718 786 766 822 ut
780 777 870 823 ovis
892 777 985 833 fiat,
1016 794 1104 822 non
1130 788 1234 823 tunc
1256 778 1550 841 baptizandus

175 857 262 903 est,
303 847 337 892 si
357 847 475 910 apud
498 864 566 893 eos
589 865 680 906 Jam
715 846 867 892 eodem
893 847 1114 910 baptismo
1146 848 1394 911 baptizatus
1426 860 1516 895 erat
1539 886 1551 907 ,

177 918 373 979 quamvis
407 918 554 964 adhuc
579 919 672 965 ovis
707 935 794 964 non
825 928 930 965 erat.
975 919 1259 981 Quapropter
1283 936 1385 964 cum
1410 937 1558 966 omnes

178 987 306 1032 etiam
325 988 439 1034 intus
462 988 582 1042 mali,
615 988 749 1044 avari,
769 988 926 1044 invidi,
954 988 1130 1044 ebriosi,
1168 999 1209 1033 et
1244 999 1396 1035 contra
1420 990 1556 1035 disci-

176 1057 342 1121 plinam
367 1059 649 1105 christianam
668 1059 873 1115 viventes,
902 1058 1056 1103 merito
1074 1058 1162 1104 dici
1181 1060 1349 1122 possint
1370 1071 1410 1106 et
1430 1079 1551 1107 men*

179 1127 305 1174 daces
330 1140 372 1175 et
398 1129 610 1175 tenebrosi
638 1139 679 1174 et
704 1129 865 1174 mortui
889 1139 930 1174 et
959 1129 1222 1186 antichristi,
1249 1131 1466 1194 numquid
1492 1143 1560 1178 ta-

179 1216 279 1246 men
318 1210 549 1263 propterea
593 1216 681 1244 non
705 1199 959 1262 baptizant,
995 1200 1099 1262 quia
1123 1220 1142 1240 <<
1163 1200 1286 1245 Nihil
1310 1212 1454 1264 potest
1473 1220 1560 1248 esse

181 1287 411 1316 commune
431 1269 658 1315 mendacio
677 1280 718 1314 et
736 1269 932 1325 veritati,
957 1270 1143 1316 tenebris
1171 1280 1211 1316 et
1234 1271 1342 1329 luci,
1367 1274 1496 1319 morti
1520 1284 1562 1319 et

179 1340 511 1395 immortalitati,
537 1338 809 1385 Antichristo
828 1349 870 1384 et
892 1339 1070 1385 Christo
1090 1343 1107 1386 P

245 1411 429 1458 XXVII.
464 1412 562 1456 Non
579 1411 725 1474 itaque
745 1431 766 1451 <c
780 1411 844 1454 De
865 1409 954 1455 sola
978 1411 1311 1469 consuetudine,
1336 1412 1408 1458 sed
1429 1414 1559 1460 etiam

182 1481 235 1528 de
260 1482 450 1529 veritatis
475 1481 640 1527 ratione
666 1480 910 1543 praesumit,
930 1501 950 1521 υ
972 1482 1049 1544 qui
1085 1482 1308 1528 nullorum
1333 1483 1561 1531 hominum

182 1553 463 1616 perversitate
482 1568 730 1615 perversum
749 1551 842 1596 fieri
863 1550 971 1596 dicit
985 1552 1063 1597 Dei
1083 1565 1420 1611 sacramentum,
1445 1556 1565 1618 quod

183 1623 313 1669 etiam
335 1622 381 1668 in
406 1622 615 1685 perversis
630 1638 715 1667 esse
740 1620 999 1668 declaratur.
1035 1622 1161 1668 Certe
1187 1624 1375 1669 Joannes
1399 1637 1569 1688 aposto-

184 1693 251 1739 lus
279 1693 543 1757 apertissime
561 1692 696 1737 dicit:
719 1712 740 1733 «
765 1690 855 1748 Qui
880 1691 974 1737 odit
997 1691 1174 1738 fratrem
1209 1710 1353 1750 suum,
1377 1696 1422 1740 in
1446 1706 1568 1742 tene-

185 1786 207 1807 »
227 1764 321 1809 bris
340 1774 402 1810 est
425 1780 558 1827 usque
576 1762 723 1808 adhuc
742 1760 760 1791 1
780 1779 791 1807 :
813 1784 832 1803 2>
850 1772 892 1807 et
915 1762 1072 1808 iterum
1090 1780 1101 1807 r
1129 1783 1150 1804 «
1171 1764 1259 1820 Qui
1283 1765 1375 1810 odit
1391 1765 1566 1812 fratrem

186 1855 208 1877 »
229 1851 372 1891 suum,
395 1832 620 1880 homicida
636 1833 723 1878 est2
753 1849 763 1877 :
787 1853 807 1874 ›>
828 1833 920 1878 Cur
943 1850 1042 1893 ergo
1058 1833 1176 1878 intus
1196 1833 1298 1880 tales
1319 1835 1564 1899 baptizant,

187 1922 296 1969 quos
319 1905 365 1950 in
388 1903 600 1950 malevola
623 1902 788 1950 invidia
818 1903 947 1951 fuisse
980 1904 1228 1967 Cyprianus
1245 1905 1336 1968 ipse
1372 1923 1568 1953 comme—

186 1986 329 2021 morat
347 1975 395 2021 3?
426 1974 661 2031 Quomodo
687 1991 845 2038 aquam
877 1974 1066 2020 mundat
1090 1985 1131 2020 et
1152 1976 1396 2022 sanctificat
1419 1978 1571 2023 homi-

188 2046 316 2092 cida?
340 2045 573 2102 Quomodo
599 2046 709 2091 bene
742 2045 897 2091 dicunt
928 2045 1072 2091 oleum
1092 2046 1314 2092 tenebrae?
1343 2047 1389 2093 Si
1428 2059 1569 2094 autem

188 2115 307 2162 Deus
324 2115 443 2161 adest
470 2115 745 2161 sacramentis
764 2125 805 2160 et
828 2115 972 2162 verbis
995 2116 1104 2172 suis,
1126 2132 1207 2178 per
1223 2115 1477 2178 qualeslibet
1494 2118 1568 2163 ad-

189 2187 505 2242 ministrentur,
535 2196 575 2231 et
614 2196 880 2231 sacramenta
906 2185 988 2231 Dei
1025 2185 1190 2249 ubique
1218 2196 1337 2231 recta
1373 2199 1491 2245 sunt,
1526 2199 1568 2234 et

190 2256 294 2303 mali
312 2257 510 2302 homines
525 2256 687 2320 quibus
703 2256 816 2302 nihil
833 2266 1036 2319 prosunt,
1060 2255 1225 2319 ubique
1246 2258 1437 2319 perversi
1449 2268 1563 2306 sunt.

253 2327 464 2374 XXVIII.
484 2326 601 2373 Illud
617 2338 758 2373 autem
773 2327 898 2390 quale
917 2338 996 2383 est,
1014 2337 1062 2372 ut
1078 2326 1176 2371 ideo
1195 2338 1408 2390 putetur«
1426 2330 1570 2375 Haere-

192 2398 304 2443 ticus
319 2414 408 2442 non
418 2397 582 2443 habere
595 2398 884 2461 baptismum,
902 2398 1103 2461 quianon
1117 2397 1254 2442 habet
1267 2399 1534 2447 Ecclesiam?
1547 2422 1568 2443 »

193 2469 250 2515 Et
272 2469 422 2531 utique
443 2489 463 2510 ε(
485 2469 599 2514 Cum
619 2469 889 2533 baptizatur,
913 2468 1041 2514 etiam
1062 2468 1115 2515 de
1134 2478 1282 2516 sancta
1295 2470 1484 2517 Ecclesia
1506 2473 1572 2517 in-

193 2548 450 2600 terrogatur.
480 2538 617 2597 Quasi
634 2556 735 2586 vero
753 2539 825 2586 ille
843 2539 920 2604 qui
938 2556 1027 2587 non
1049 2539 1174 2586 factis
1188 2539 1319 2600 intus,
1336 2541 1409 2588 sed
1428 2542 1570 2589 verbis

244 2624 254 2647 ¹
275 2635 286 2655 1
305 2625 402 2657 Joau.
418 2635 458 2662 11,
476 2635 508 2665 9.
532 2641 573 2648 —
589 2622 605 2646 2
622 2623 668 2658 Id.
688 2635 744 2669 111,
763 2625 816 2661 15,
830 2642 877 2650 —
894 2620 908 2647 3
924 2623 1025 2668 Epist.
1041 2623 1079 2658 ad
1101 2623 1309 2673 Juhaianum.

354 2691 571 2726 cxxxvm.
1104 2671 1122 2676 '⁴
1386 2680 1446 2733 24
