1894 3154
360 300 531 329 CONTRA
565 298 813 328 EPISTOLAM
849 298 1147 339 PARMENIANI‚
1186 301 1273 331 ΠΒ.
1317 303 1346 332 1.
1465 288 1552 336 133

182 382 288 428 quos
303 381 389 410 non
403 365 549 427 potuit
571 381 700 410 causa
723 365 920 420 transire,
943 375 985 409 et
1004 382 1082 426 per
1104 381 1212 427 quos
1235 366 1380 428 potuit
1406 367 1459 413 ad
1476 386 1557 414 nos

177 435 291 480 fama
316 451 579 496 percurrere.
614 434 681 479 Ab
707 435 797 479 istis
819 434 1123 479 innocentibus
1145 435 1282 498 impia
1322 447 1364 481 te
1399 436 1552 501 direp-

178 504 294 549 tione
312 503 330 532 1
349 503 572 559 discindis,
599 514 641 548 et
663 504 935 548 innocentem
962 514 1003 548 te
1036 503 1145 549 dicis
1167 522 1177 548 ε
1204 505 1325 568 quod
1352 506 1500 569 utique
1518 508 1554 553 si

177 590 300 629 esseS‚
321 590 421 618 cum
440 573 603 619 videres
634 574 678 618 in
706 574 946 636 Scripturis
982 574 1139 619 sanetis
1165 591 1341 620 messem
1373 577 1552 623 Domini

178 643 241 688 tui
274 654 372 688 ante
394 643 589 688 ultimam
614 645 947 703 segregationem
973 654 1014 688 et
1034 644 1358 690 ventilationem
1383 663 1407 690 a
1429 647 1546 691 ziza-

175 712 256 758 niis
278 724 318 758 et
331 714 456 776 palea
481 731 569 759 non
589 731 712 777 posse
728 714 933 777 separari,
965 714 1136 773 eligeres
1154 715 1300 777 potius
1317 714 1441 761 fortis
1460 733 1549 762 esse

174 782 218 828 in
235 783 465 829 tolerandis
481 785 620 840 malis,
643 802 774 847 quam
795 785 956 847 impius
973 783 1016 829 in
1032 783 1276 829 deserendis
1292 785 1433 832 bonis.
1459 787 1550 832 Cur

177 853 292 898 enim
305 854 594 900 Ecclesiarum
614 872 692 918 per
714 855 863 900 orbem
881 855 1007 913 longe
1029 864 1294 899 remotarum
1311 872 1399 900 non
1424 867 1553 918 puta-

173 939 269 968 mus
285 941 370 969 esse
388 924 510 980 istas,-
532 935 574 969 et
591 941 724 987 quam
746 924 1002 983 Justissimas
1022 940 1164 979 voceS‚
1192 925 1362 986 quasin
1393 926 1551 971 Phila-

173 992 351 1056 delphia
370 996 585 1054 figuravi?³

237 1065 364 1111 XIII.
416 1065 534 1121 Quin
580 1065 706 1110 etiam
751 1065 957 1127 conqueri
1006 1064 1136 1110 audet
1177 1065 1492 1112 Parmenianus
1537 1086 1547 1112 :

172 1155 192 1175 «
215 1134 348 1190 Quod
366 1152 434 1180 eos
453 1135 763 1181 Constantinus
784 1134 839 1179 ad
858 1152 1086 1197 campum2
1117 1134 1162 1180 id
1189 1146 1250 1180 est
1266 1172 1276 1191 ,
1299 1135 1353 1181 ad
1374 1136 1551 1200 suppli—

170 1205 285 1250 cium
312 1205 416 1250 duci
425 1206 554 1265 jussit
571 1243 581 1261 ‚
607 1227 626 1246 n
651 1205 727 1268 qui
751 1205 855 1250 victi
877 1205 994 1267 apud
1024 1204 1333 1251 ecclesiasticos
1351 1206 1522 1265 judices
1537 1245 1549 1264 ‚

169 1291 248 1320 nec
282 1275 400 1337 apud
434 1275 578 1337 ipsum
613 1292 712 1338 quae
744 1274 949 1319 dicebant
978 1275 1166 1337 probare
1204 1285 1468 1336 potuerunt,
1509 1288 1551 1322 et

171 1344 315 1390 adhuc
336 1345 380 1390 in
401 1356 562 1390 sanctae
589 1345 794 1391 Ecclesiae
821 1345 1075 1408 praecisione
1097 1344 1304 1404 sacrilego
1326 1344 1473 1392 furore
1491 1347 1551 1392 fe-

167 1415 377 1460 rebantur
409 1433 418 1460 :
457 1437 477 1455 «
510 1417 565 1460 Et
597 1415 683 1460 hoc
717 1432 813 1460 eum
847 1425 1052 1478 tanquam
1077 1415 1321 1460 immaniter
1352 1417 1549 1475 jussisse,

167 1485 364 1548 Hispano
390 1485 495 1530 Osio
527 1496 776 1545 suggerente
802 1486 1059 1531 criminatur
1090 1503 1100 1529 ε
1129 1485 1450 1547 suspicionibus
1472 1487 1545 1533 vi—

167 1555 323 1602 delicet
348 1557 432 1601 suis
447 1593 457 1612 ‚
485 1556 597 1601 sicut
615 1574 782 1619 semper
797 1594 807 1612 ,
836 1556 1086 1601 damnando
1105 1556 1340 1602 inauditos.
1365 1578 1385 1597 ›>
1408 1558 1547 1612 Quasi

165 1642 265 1671 vero
284 1643 373 1671 non
392 1626 629 1671 humanius
659 1643 708 1670 ae
735 1626 1010 1688 probabilius
1045 1625 1152 1670 alius
1177 1625 1409 1671 crediderit
1435 1627 1543 1672 Osio

165 1707 373 1759 tanquam
393 1696 597 1759 episcopo
620 1706 870 1755 suggerente
893 1696 1035 1758 potius
1054 1695 1222 1741 factum
1237 1733 1248 1751 ‚
1277 1706 1326 1740 ut
1342 1696 1388 1741 in
1406 1696 1542 1742 lenio-

165 1782 255 1811 rem
279 1766 606 1823 coercitionem,
625 1767 824 1829 quamvis
854 1766 1154 1811 immanissimi
1178 1765 1364 1822 sceleris,
1387 1766 1434 1812 id
1459 1778 1540 1824 est,

163 1835 359 1895 sacrilegi
376 1836 636 1891 schismatis,
661 1836 917 1881 sententiam
935 1835 1124 1880 flecteret
1141 1836 1399 1898 Imperator.
1421 1837 1544 1894 Quid

163 1906 279 1951 enim
293 1906 364 1951 isti
386 1924 471 1951 non
485 1911 598 1966 juste
622 1906 881 1969 patiuntur,
905 1923 1004 1951 cum
1030 1923 1077 1951 ex
1101 1905 1307 1951 altissimo
1333 1906 1411 1952 Dei
1429 1924 1544 1969 prae-

162 1976 338 2022 sidentis
362 1987 403 2022 et
431 1977 484 2022 ad
509 1977 751 2023 cavendum
773 1978 914 2037 ignem
939 1988 1150 2022 aeternum
1175 1976 1353 2036 flagellis
1379 1977 1542 2024 talibus

163 2046 430 2092 admonentis
454 2047 622 2107 judicio
656 2048 912 2110 patiuntur,
949 2058 991 2091 et
1023 2048 1179 2092 merito
1211 2047 1445 2092 criminum
1463 2084 1474 2104 ‚
1501 2059 1545 2093 et

161 2117 311 2162 ordine
327 2120 626 2180 potestatum?
658 2118 783 2162 Prius
808 2118 919 2163 enim
947 2117 1136 2179 probent
1162 2133 1204 2161 se
1227 2133 1316 2161 non
1339 2133 1425 2162 esse
1441 2117 1539 2162 hae-

160 2188 314 2232 reticos
334 2188 402 2233 vel
419 2188 717 2233 schismaticos
735 2225 746 2242 ‚
782 2199 875 2233 tum
900 2187 1077 2232 demum
1106 2186 1160 2232 de
1187 2186 1377 2245 indignis
1397 2189 1543 2250 poenis

159 2257 245 2302 suis
275 2257 452 2303 lividam
486 2258 687 2303 emittant
718 2274 869 2303 vocem
888 2294 899 2313 ,
924 2268 1017 2302 tum
1047 2256 1222 2301 demum
1244 2273 1330 2301 sese
1351 2257 1541 2304 audeant

159 2345 258 2374 cum
285 2328 387 2373 mali
421 2328 585 2392 aliquid
611 2329 866 2391 patiuntur,
900 2328 1090 2373 veritatis
1128 2337 1337 2389 martyres
1373 2327 1530 2376 dicere.

160 2399 366 2461 Alioquin
392 2399 425 2444 si
449 2400 642 2462 quisquis
670 2400 725 2445 ab
739 2401 1011 2462 Imperatore
1031 2397 1098 2443 vel
1122 2415 1143 2442 a
1163 2397 1391 2456 J‘udicibus
1417 2399 1472 2443 ab
1489 2416 1538 2444 eo

158 2469 295 2515 missis
317 2486 469 2532 poenas
491 2470 597 2524 luit,
627 2471 833 2516 continuo
864 2479 1028 2531 martyr
1057 2479 1143 2523 est,
1173 2485 1318 2513 omnes
1345 2485 1534 2514 carceres

159 2539 424 2601 martyribus
448 2539 567 2601 pleni
592 2550 718 2595 sunt,
740 2556 886 2584 omnes
914 2549 1077 2584 catenae
1093 2537 1340 2596 judiciariae
1367 2548 1534 2601 marty-

208 2623 218 2648 ¹
241 2625 333 2653 Forte
355 2622 580 2665 diremptione.
