1894 3154
297 286 357 331 30·
720 297 755 325 ε.
799 295 1043 325 Aueusnm
1078 294 1281 324 EPISCOPI

293 376 356 412 est
372 364 525 410 mentis
550 361 659 407 acies
674 398 685 417 ‚
711 360 1050 424 caventibusque
1075 376 1127 404 ne
1150 357 1327 422 quando
1343 358 1418 404 illa
1436 359 1642 406 hebescat
1659 397 1670 413 ‚

298 436 347 483 id
364 445 426 480 est
448 435 493 479 in
510 430 794 496 philosophia
818 430 1066 476 viventibus
1099 446 1255 488 magna
1280 446 1374 493 spes
1406 440 1499 475 est:
1535 440 1608 476 aut
1642 429 1676 475 si

296 507 386 553 hoc
403 503 524 568 quod
555 502 759 548 sentimus
787 512 830 547 et
853 501 1044 564 sapimus
1070 499 1250 545 mortale
1277 511 1319 545 et
1345 500 1562 546 caducum
1586 511 1672 557 θεῖ,

293 575 541 636 jocundum
563 573 688 618 nobis
705 571 945 635 perfunctis
963 572 1217 616 muneribus
1234 571 1436 616 humanis
1454 589 1673 627 occasum,

295 663 437 709 neque
452 644 671 690 molestam
684 642 985 687 extinctionem
1002 678 1012 697 3
1031 652 1072 686 et
1084 641 1206 704 quasi
1221 641 1407 703 quietem
1433 642 1535 687 vitae
1559 641 1674 687 fore:

300 728 376 762 aut
404 717 459 768 si,
485 725 532 759 ut
557 713 745 776 antiquis
770 712 1043 774 philosophis
1067 711 1223 774 hisque
1247 712 1441 756 maximis
1469 712 1681 775 longeque

300 784 546 832 clarissimis
562 782 731 846 placuit
746 818 756 836 ‚
778 792 961 826 aeternos
990 781 1154 825 animos
1173 798 1222 826 ac
1245 780 1414 826 divinos
1438 781 1652 826 habemus
1666 817 1676 836 ‚

298 857 360 902 sic
377 851 707 900 existimandum
731 862 814 908 est,
840 868 927 914 quo
950 850 1085 909 magis
1104 851 1153 895 hi
1171 850 1332 895 fuerint
1351 868 1518 914 semper
1536 852 1581 896 in
1604 868 1680 897 suo

301 943 456 980 curm,
491 924 536 969 id
563 934 649 979 est,
690 922 736 967 in
764 923 929 967 ratione
961 932 1002 966 et
1028 921 1316 980 investigandi
1340 922 1601 984 cupiditate,
1641 932 1684 967 et

301 1015 389 1062 quo
413 996 555 1042 minus
580 1011 622 1039 se
653 992 961 1038 admiscuerint
984 1003 1112 1055 atque
1133 991 1431 1054 implicuerint
1453 993 1683 1038 hominum

299 1068 416 1115 vitiis
443 1077 483 1112 et
507 1064 748 1118 erroribus,
784 1063 870 1108 hoc
892 1063 959 1107 his
982 1062 1219 1108 faciliorem
1253 1079 1474 1108 ascensum
1507 1073 1548 1108 et
1573 1061 1684 1108 redi-

300 1154 396 1188 tum
412 1141 458 1186 in
472 1136 746 1185 coelumfore.
757 1158 776 1177 »
790 1135 953 1180 Deinde
968 1135 1128 1180 addens
1142 1135 1256 1179 hanc
1270 1137 1408 1197 ipsam
1425 1136 1680 1191 clausulam,

301 1211 625 1278 repetendoque
639 1225 878 1255 sermonem
895 1208 1045 1253 finiens
1064 1226 1074 1252 ε
1093 1208 1419 1270 «Quapropter,
1443 1208 1613 1270 inquit,
1638 1219 1686 1254 ut

306 1281 543 1347 aliquando
581 1279 835 1325 terminetur
872 1278 1034 1332 oratio,
1069 1277 1103 1322 si
1131 1287 1204 1322 aut
1235 1277 1420 1337 extingui
1454 1278 1687 1341 tranquille

304 1356 505 1403 volumus
521 1389 531 1408 ‚
558 1368 658 1397 cum
685 1350 730 1395 in
751 1350 819 1395 his
836 1349 1004 1394 artibus
1028 1349 1257 1394 vixerinms
1272 1385 1282 1404 ,
1309 1359 1382 1394 aut
1406 1349 1440 1394 si
1461 1367 1508 1394 ex
1529 1349 1615 1395 hac
1640 1350 1685 1395 in

303 1426 431 1473 aliam
459 1422 579 1469 haud
600 1420 733 1484 paulo
749 1419 969 1465 meliorem
988 1419 1167 1464 domum
1187 1419 1275 1463 sine
1292 1435 1411 1464 mora
1426 1419 1684 1479 demigrare,

304 1498 351 1544 in
373 1495 443 1541 his
466 1492 619 1538 studiis
642 1491 770 1536 nobis
794 1490 932 1535 omnis
955 1507 1085 1553 opera
1111 1500 1152 1534 et
1181 1506 1285 1534 cura
1319 1490 1522 1552 ponenda
1561 1501 1635 1536 cst.
1666 1511 1687 1531 >³

305 1567 391 1612 Hic
419 1563 553 1609 miror
571 1561 794 1606 hominem
820 1559 930 1605 tanti
953 1560 1139 1619 ingenii,
1166 1559 1406 1622 perfunctis
1436 1561 1688 1618 muneribus

303 1635 509 1681 humanis
523 1669 533 1687 ‚
556 1630 810 1676 hominibus
823 1630 867 1674 in
884 1629 1169 1692 philosophia
1183 1630 1428 1675 viventibus
1440 1667 1452 1686 9
1473 1647 1573 1693 quae
1587 1647 1688 1675 con-

305 1704 587 1768 templatione
613 1701 802 1747 veritatis
830 1701 978 1746 beatos
1006 1700 1133 1756 facit,
1165 1701 1411 1760 jocundum
1438 1701 1690 1764 promittere

308 1790 512 1822 occasum
530 1809 537 1826 ‚
562 1771 595 1816 si
612 1771 699 1816 hoc
721 1770 842 1833 quod
861 1770 1068 1815 sentimus
1089 1781 1129 1814 et
1151 1771 1342 1833 sapimus
1359 1771 1541 1816 mortale
1560 1782 1601 1817 et
1622 1788 1691 1817 ca-

310 1845 476 1890 ducum
507 1851 597 1885 est:
630 1841 752 1903 quasi
780 1840 866 1885 hoc
893 1840 1105 1884 moriatur
1127 1851 1168 1885 et
1196 1841 1430 1886 intercidat
1455 1841 1576 1906 quod
1603 1859 1693 1887 non

311 1913 597 1974 diligebamus
612 1948 622 1966 ‚
645 1910 713 1955 vel
736 1911 883 1974 potius
904 1910 1020 1973 quod
1051 1911 1254 1957 atrociter
1277 1912 1505 1957 oderamus
1521 1949 1531 1968 ,
1557 1916 1693 1972 utjo-

312 1984 482 2033 cundus
502 1982 629 2028 nobis
649 1981 702 2026 sit
720 1985 809 2041 ejus
823 1998 1012 2027 occasus.
1046 1982 1204 2027 Verum
1229 1982 1316 2028 hoc
1332 2000 1420 2027 non
1441 1982 1655 2028 didicerat
1671 2001 1694 2028 a

314 2052 594 2120 philosophis
610 2088 620 2106 ‚
641 2068 750 2114 quos
775 2051 939 2110 magnis
962 2051 1169 2097 laudibus
1192 2052 1434 2115 praedicat:
1466 2052 1536 2098 sed
1555 2070 1602 2097 ex
1620 2053 1695 2098 illa

313 2143 427 2172 nova
449 2121 681 2169 Academia
697 2158 707 2176 ‚
735 2121 813 2166 ubi
836 2121 873 2166 ei
890 2121 1092 2167 dubitare
1115 2122 1242 2167 etiam
1265 2122 1318 2167 de
1341 2123 1471 2168 rebus
1489 2123 1695 2168 manifes-

314 2195 486 2242 tissimis
518 2192 708 2255 placuit,
739 2192 818 2237 ista
846 2192 1055 2237 sententia
1083 2193 1319 2239 redolebat.
1351 2195 1388 2239 A
1418 2194 1696 2257 philosophis

316 2276 478 2319 autem,
498 2263 712 2325 sicutipse
725 2263 976 2317 confitetur,
997 2263 1192 2308 maximis
1205 2263 1418 2326 longeque
1429 2263 1692 2320 clarissimis,

318 2348 498 2384 aeternos
519 2334 682 2378 animos
702 2350 788 2378 esse
811 2343 1051 2396 acceperat.
1083 2334 1242 2379 AEterni
1263 2333 1430 2396 quippe
1451 2334 1583 2379 animi
1608 2351 1698 2380 non

317 2403 668 2453 inconvenienter
708 2403 793 2448 hac
828 2403 1121 2449 exhortatione
1152 2404 1392 2448 excitantur
1406 2441 1416 2459 ‚
1459 2414 1507 2449 ut
1541 2404 1586 2449 in
1621 2421 1697 2450 suo

317 2492 448 2524 cursu
469 2473 755 2536 reperiantur,
780 2491 881 2519 cum
905 2475 1070 2520 venerit
1089 2475 1190 2520 vitae
1210 2474 1343 2534 hujus
1365 2484 1600 2519 extremum
1613 2511 1625 2531 ,
1652 2474 1698 2521 id

316 2557 379 2594 est
391 2583 402 2603 ‚
421 2545 467 2590 in
486 2543 648 2589 ratione
667 2553 707 2588 et
725 2543 1011 2604 investigandi
1026 2544 1266 2608 cupiditate
1282 2582 1293 2601 ,
1318 2545 1546 2608 minusque
1563 2562 1604 2591 se
1620 2545 1697 2591 ad-

314 2619 524 2665 misceant
545 2624 673 2676 atque
690 2613 919 2676 implicent
935 2615 1169 2662 hominum
1186 2615 1301 2663 vitiis
1320 2626 1362 2662 et
1383 2615 1601 2662 erroribus
1616 2653 1627 2673 ,
1651 2627 1699 2662 ut
