1894 3154
330 231 388 276 82
752 246 786 277 S.
831 245 1075 278 AUGUSTINI
1110 245 1314 278 EPIscom

329 332 351 352 ,υ
375 310 502 356 tionis
518 310 727 357 Christi1.
748 332 767 352 ³)
787 312 924 374 Atque
946 322 995 357 ut
1014 310 1288 357 donationem
1303 310 1467 357 Christi
1493 310 1707 374 Spiritum

327 391 526 426 sanctum
563 380 827 436 ostenderet,
863 391 1034 426 secutus
1068 380 1292 440 adjunxit,
1329 382 1558 445 «Propter
1587 382 1708 445 quod

326 470 348 491 2>
371 450 479 496 dicit
507 468 518 495 :
556 450 759 496 Ascendit
805 451 849 496 in
890 450 1048 507 altum,
1102 451 1340 514 captivavit
1377 452 1672 515 captivitatem
1690 489 1705 510 ,

326 540 348 560 >³
371 519 492 565 dedit
512 519 627 565 dona
648 520 950 566 hominibus2.
980 542 999 561 >³
1030 520 1313 565 Notissimum
1335 531 1395 566 est
1425 532 1591 578 autem,
1622 523 1710 570 Do-:

326 590 497 635 minum
520 591 691 646 Jesnm,
716 607 816 636 cum
852 600 950 653 post
989 589 1344 635 resurrectionem
1372 608 1396 635 a
1427 591 1611 636 mortuis
1645 608 1709 637 as-

328 658 538 704 cendisset
569 659 615 704 in
653 659 815 705 coelum
832 696 843 715 ,
891 658 1056 704 dedisse
1103 659 1315 721 Spiritum
1351 669 1573 716 sanctum,
1619 676 1708 723 quo

326 728 495 790 impleti
513 729 589 791 qui
606 728 879 774 crediderant
895 765 906 783 ,
933 728 1093 788 linguis
1118 729 1314 774 omnium
1338 730 1530 789 gentium
1552 729 1710 793 loque-

326 797 504 843 bantur.
544 798 632 842 Nec
656 808 828 843 moveat
859 797 980 860 quod
1006 799 1091 855 ait,
1135 797 1270 855 dona,
1308 816 1396 844 non
1424 799 1589 845 donum
1615 818 1625 845 ι
1662 800 1709 845 id

328 867 442 912 enim
482 867 777 912 testimonium
812 866 865 913 de
904 867 1077 913 Psalmo
1120 868 1281 930 posuit.
1332 869 1430 914 Hoc
1478 879 1621 914 autem
1664 870 1709 915 in

332 936 506 982 Psalmo
535 936 594 981 ita
625 937 782 996 legitur
814 954 825 981 ι
869 957 889 977 α
922 936 1164 982 Ascendisti
1197 938 1242 982 in
1278 937 1439 992 altum,
1481 938 1712 1001 captivasti

329 1026 350 1047 »
374 1006 671 1068 captivitatem
687 1043 697 1060 ‚
722 1006 926 1069 accepisti
936 1006 1050 1051 dona
1067 1006 1112 1051 in
1128 1006 1383 1052 hominihus
1398 1007 1429 1054 3.
1455 1029 1474 1049 >³
1497 1008 1569 1053 Sic
1591 1008 1706 1053 enim

328 1077 475 1139 plures
493 1075 662 1122 codices
684 1076 879 1131 habent,
916 1086 957 1121 et
981 1077 1164 1122 maxime
1192 1076 1359 1132 Graeci,
1387 1088 1429 1122 et
1452 1094 1498 1122 ex
1519 1078 1709 1124 Hebraeo

329 1147 390 1191 sic
410 1147 740 1208 interpretatum
761 1146 988 1192 habemus.
1015 1146 1140 1191 Dona
1159 1147 1308 1209 itaque
1330 1147 1436 1192 dixit
1456 1148 1707 1210 Apostolus,

327 1215 700 1279 quemadmodum
723 1215 972 1278 Propheta,
1001 1232 1089 1260 non
1124 1215 1302 1262 donum.
1346 1216 1430 1262 Sed
1464 1233 1566 1262 cum
1598 1219 1711 1262 Pro-

328 1284 465 1346 pheta
485 1284 661 1340 dixerit,
678 1305 697 1325 «
718 1284 938 1347 Accepisti
962 1284 1076 1329 dona
1104 1284 1150 1329 in
1176 1284 1459 1330 hominibus:
1483 1307 1502 1327 »
1528 1287 1713 1349 Aposto-

326 1353 395 1398 lus
416 1353 571 1398 maluit
588 1353 757 1399 dicere:
780 1374 799 1394 ο.
818 1353 951 1398 Dedit
971 1352 1086 1398 dona
1112 1353 1391 1399 hominibus:
1414 1375 1434 1396 »
1454 1366 1501 1400 ut
1519 1372 1565 1400 ex
1586 1366 1712 1401 utro-

327 1439 412 1486 que
431 1423 593 1469 scilicet
609 1424 744 1469 verbo
764 1460 775 1479 ,
812 1440 900 1468 uno
925 1422 1195 1485 Prophetico
1214 1460 1225 1478 ,
1259 1424 1513 1487 Apostolico
1547 1425 1678 1471 altero
1697 1462 1708 1480 ,

329 1492 435 1554 quia
462 1493 508 1536 in
542 1503 727 1555 utroque
758 1503 819 1537 est
854 1492 993 1537 divini
1023 1493 1229 1537 sermonis
1265 1494 1500 1538 auctoritas
1519 1531 1530 1549 ,
1570 1512 1714 1540 sensus

329 1561 603 1623 plenissimus
617 1562 882 1608 redderetur.
901 1562 1145 1624 Utrumque
1163 1562 1278 1607 enim
1297 1579 1448 1608 verum
1467 1573 1544 1619 est,
1556 1574 1597 1609 et
1611 1565 1713 1627 quia

332 1630 454 1675 dedit
477 1630 732 1676 hominibus
751 1668 761 1687 ,
788 1642 830 1676 et
860 1630 963 1693 quia
985 1631 1153 1693 accepit
1181 1631 1228 1676 in
1266 1632 1536 1679 hominibus.
1584 1633 1715 1678 Dedit

331 1700 615 1757 hominibus,
650 1712 860 1764 tanquam
896 1711 1032 1763 caput
1061 1701 1269 1746 membris
1303 1702 1388 1747 suis
1419 1720 1429 1747 z
1465 1703 1634 1766 accepit
1668 1703 1714 1749 in

333 1769 588 1814 hominibus
619 1770 735 1815 idem
773 1770 865 1832 ipse
898 1771 1048 1832 utique
1082 1771 1127 1814 in
1156 1771 1363 1816 memhris
1392 1773 1504 1828 suis,
1535 1782 1716 1836 propter

334 1854 434 1900 quae
456 1839 652 1883 membra
667 1855 743 1884 sua
758 1838 962 1884 clamavit
978 1838 1031 1883 de
1049 1837 1160 1883 coelo
1177 1856 1186 1883 :
1213 1861 1233 1880 «
1251 1840 1380 1885 Saule
1394 1876 1404 1896 ,
1430 1841 1558 1886 Saule
1571 1878 1581 1897 ,
1606 1840 1715 1905 quid

335 1927 356 1948 »
382 1924 449 1952 me
476 1907 742 1970 persequeris
763 1907 822 1952 ΛΡ
852 1928 873 1949 »
912 1917 953 1953 et
982 1907 1035 1952 de
1065 1908 1228 1970 quibus
1261 1910 1468 1954 memhris
1505 1911 1591 1955 suis
1624 1911 1711 1967 ait,

336 1998 356 2018 c<
379 1977 568 2033 Quando
589 1979 666 2023 uni
684 1995 730 2023 ex
752 1977 941 2023 minimis
969 1977 1073 2022 meis
1102 1976 1261 2023 fecistis
1278 2016 1289 2035 ‚
1315 1979 1428 2024 mihi
1459 1979 1618 2025 fecistis
1633 1980 1665 2027 5.
1693 2002 1716 2023 2·

337 2046 435 2108 Ipse
453 2064 553 2106 ergo
572 2047 769 2092 Christus
784 2084 795 2103 ,
817 2058 860 2092 et
875 2046 995 2092 dedit
1021 2046 1074 2091 de
1091 2047 1205 2093 coelo
1220 2084 1231 2103 ,
1259 2059 1301 2093 et
1323 2049 1492 2111 accepit
1513 2050 1560 2094 in
1582 2061 1709 2098 terra.

335 2116 473 2161 Porro
500 2127 643 2163 autem
662 2117 777 2162 dona
802 2117 860 2161 ob
890 2116 976 2161 hoc
1011 2116 1140 2161 ambo
1165 2116 1391 2174 dixerunt,
1422 2128 1463 2162 et
1493 2119 1717 2181 Propheta

336 2195 379 2229 et
394 2186 627 2248 Apostolus
642 2224 653 2243 ,
672 2188 774 2250 quia
786 2203 866 2249 per
882 2185 1048 2230 donum
1066 2222 1076 2241 ‚
1098 2186 1216 2248 quod
1235 2197 1297 2231 est
1315 2187 1503 2250 Spiritus
1521 2198 1712 2243 sanctus,

337 2255 383 2299 in
406 2272 637 2301 commune
657 2257 861 2302 omnihus
883 2255 1092 2301 membris
1112 2256 1279 2302 Christi
1296 2258 1435 2303 multa
1459 2258 1596 2313 dona,
1617 2274 1717 2320 quae

337 2335 438 2369 sunt
459 2325 708 2389 quibusque
736 2326 942 2389 propria,
975 2324 1249 2371 dividuntur.
1285 2326 1383 2371 Non
1412 2327 1526 2371 enim
1560 2326 1718 2386 singuli

338 2394 503 2457 quique
523 2394 690 2440 habent
711 2397 855 2441 onmia
873 2432 883 2452 ,
911 2394 984 2441 sed
1002 2394 1051 2438 hi
1069 2393 1142 2439 illa
1157 2431 1169 2451 ,
1197 2394 1269 2440 alii
1291 2395 1371 2441 alia
1391 2414 1402 2441 :
1425 2396 1624 2459 quamvis
1643 2397 1717 2459 ip—

334 2479 432 2509 sum
455 2463 620 2510 donum
640 2482 664 2509 a
681 2481 770 2528 quo
792 2466 951 2528 cuique
968 2463 1152 2528 propria
1173 2463 1434 2512 dividuntur
1459 2482 1605 2511 omnes
1625 2465 1711 2511 ha-

388 2591 432 2596 —
448 2573 459 2595 ¹
474 2573 590 2616 Ephes.
612 2585 656 2618 iv,
682 2588 767 2615 7.-
786 2574 901 2609 21bid.
932 2577 964 2611 8.
981 2593 1026 2599 -
1057 2572 1072 2598 3
1089 2575 1172 2610 Psal.
1206 2585 1308 2615 van,
1336 2588 1390 2618 19.
1415 2594 1459 2602 -—
1476 2573 1491 2598 4
1507 2575 1579 2608 Act.
1606 2585 1652 2614 xx,
1679 2580 1712 2611 4.

340 2614 354 2639 ⁵
372 2624 489 2658 Matth.
512 2636 586 2665 xxv,
607 2632 664 2663 42,
