1894 3154
608 289 664 321 DE
699 289 953 332 ΤΒῙΝῙΤΑΤΕ,
992 291 1080 324 Lm.
1121 294 1194 323 xv.
1531 282 1592 343 39

218 352 474 413 ligentibus,
504 353 679 417 aliqua,
710 355 745 400 si
775 372 1029 434 possumus,
1066 357 1232 403 ratione
1258 361 1350 418 jam
1386 360 1592 407 demons-

219 433 331 469 trare
348 423 568 472 debemus.
603 425 693 470 Cur
717 437 860 471 autem
885 427 916 471 si
935 444 1162 489 possumus
1180 428 1385 485 dixerim,
1407 447 1471 476 res
1498 432 1592 495 ipsa

218 509 316 538 cum
337 495 474 557 quaeri
492 494 757 575 disputando
775 497 982 559 coeperit,
1005 497 1155 542 melius
1173 498 1402 545 indicabit.

282 564 340 610 ΙΙ.
376 566 490 610 Deus
530 566 696 628 quippe
725 567 816 629 ipse
844 584 970 629 quem
997 568 1234 630 quaerimus
1262 568 1514 628 adjuvabit,
1542 580 1593 615 ut

218 649 365 696 spem,
391 651 444 679 ne
473 635 527 680 sit
559 635 854 681 infructuosus
882 636 1007 682 labor
1038 648 1203 693 noster,
1232 649 1273 683 et
1302 639 1592 698 intelligamus

216 703 582 783 quemadmodum
613 705 778 751 dictum
812 706 865 751 sit
900 710 945 752 in
974 707 1146 752 Psalmo
1179 725 1327 753 sacro:
1361 729 1381 750 «
1401 709 1595 754 Laetetur

217 793 238 814 »
261 791 336 819 cor
355 775 640 837 quaerentium
661 777 918 824 Dominum.
943 778 1138 833 Quaerite
1156 778 1416 832 Dominum,
1432 790 1474 824 et
1490 796 1593 825 con-

217 865 238 885 »
261 845 518 891 firmamini.
534 846 881 909 quaeritefaciem
894 851 984 907 ejus
997 847 1211 926 semperf.
1227 848 1441 894 »Videtur
1456 850 1590 906 enim,

216 914 337 995 quod
370 933 538 978 semper
557 917 787 979 quaeritur,
814 935 1039 980 nunquam
1064 918 1274 963 inveniri·
1306 929 1348 963 et
1371 919 1592 982 quomodo

209 988 302 1044 jam
324 984 564 1041 laetabitur,
585 997 627 1030 et
644 1004 732 1031 non
754 988 899 1054 potius
926 987 1258 1033 contristabitur
1285 1004 1362 1033 cor
1393 1005 1592 1051 quaeren-

215 1054 353 1110 tium,
396 1055 431 1099 si
462 1071 550 1100 non
584 1057 808 1117 potuerint
844 1057 1038 1102 invenire
1071 1057 1191 1120 quod
1224 1061 1456 1120 quaerunt?
1494 1058 1593 1104 Non

214 1123 327 1170 enim
350 1124 435 1169 ait:
466 1125 658 1170 Laetetur
687 1142 763 1171 cor
792 1126 1102 1172 invenientium
1121 1163 1132 1181 ‚
1164 1127 1236 1172 sed
1265 1149 1284 1168 ιι
1304 1128 1593 1191 quaerentium

216 1216 236 1235 »
263 1194 514 1240 Dominum.
540 1216 560 1236 »
591 1196 646 1240 Et
665 1206 809 1241 tamen
831 1197 1071 1243 Dominum
1100 1198 1240 1243 Deum
1264 1198 1447 1244 inveniri
1468 1215 1594 1262 posse

215 1263 320 1310 dum
358 1265 595 1328 quaeritur,
636 1276 814 1312 testatur
855 1268 984 1312 Isaias
1017 1268 1259 1346 propheta,
1299 1268 1405 1313 dum
1448 1269 1588 1314 dicit:

212 1335 452 1392 «Quaerite
486 1337 753 1393 Dominum,
792 1348 834 1383 et
862 1355 957 1383 mox
993 1350 1041 1383 ut
1079 1338 1354 1394 invenerim,
1392 1339 1593 1385 invocate

213 1425 234 1446 »
257 1421 389 1450 eum:
417 1415 458 1450 et
485 1422 587 1451 cum
611 1408 1196 1485 appropinquaveritvobis
1222 1376 1525 1472 derelinquat
1513 1425 1594 1454 lm-

214 1494 235 1515 »
259 1473 357 1537 pius
383 1473 472 1520 vias
496 1492 621 1525 suas,
656 1487 697 1521 et
724 1477 791 1522 vir
813 1478 989 1541 iniquus
1013 1478 1295 1537 cogitationes
1327 1479 1466 1525 suas2.
1493 1500 1514 1520 >³
1547 1479 1594 1525 Si

213 1560 312 1603 ergo
335 1545 540 1606 quaesitus
559 1545 632 1591 inv
635 1546 741 1591 eniri
764 1558 934 1609 potest,
957 1564 1036 1592 cur
1056 1547 1221 1593 dictum
1244 1559 1332 1593 est:
1360 1569 1380 1589 «
1401 1548 1594 1604 Quaerite

215 1634 236 1654 »
257 1613 413 1659 faciem
438 1619 529 1674 ejus
554 1620 750 1678 semper?
771 1639 791 1658 n
817 1619 886 1663 An
911 1628 953 1663 et
971 1618 1170 1662 inventus
1198 1617 1308 1663 forte
1332 1618 1594 1681 quaerendus

214 1685 301 1728 est?
326 1683 397 1728 Sic
423 1684 538 1728 enim
570 1696 670 1729 sunt
698 1686 1154 1748 incomprehensibilia
1179 1687 1438 1748 requirenda
1464 1704 1517 1732 ne
1553 1704 1596 1732 se

214 1753 421 1798 existimet
444 1753 555 1799 nihil
576 1755 785 1801 invenisse
803 1793 813 1811 ‚
837 1757 911 1819 qui
931 1773 1062 1819 quam
1085 1757 1138 1801 sit
1156 1756 1596 1819 incomprehensibile

215 1822 334 1886 quod
358 1824 609 1886 quaerebat,
633 1826 824 1887 potuerit
840 1826 1045 1872 invenire.
1075 1825 1167 1871 Cur
1190 1842 1290 1885 ergo
1321 1826 1381 1870 sic
1403 1826 1564 1888 quaerit
1581 1863 1593 1883 ,

216 1893 250 1940 si
265 1893 708 1956 incomprehensibile
725 1895 1062 1958 comprehendit
1074 1912 1160 1940 esse
1173 1895 1294 1959 quod
1310 1897 1468 1958 quaerit
1483 1932 1494 1952 ‚
1516 1896 1599 1941 nisi

217 1963 320 2028 quia
344 1962 600 2008 cessandum
624 1981 712 2008 non
733 1976 816 2021 est,
846 1964 1043 2028 quandiu
1076 1965 1120 2009 in
1146 1965 1240 2027 ipsa
1262 1965 1599 2028 incomprehen-

215 2033 408 2079 sibilium
425 2050 568 2079 rerum
592 2034 868 2097 inquisitione
897 2035 1146 2098 proficitur,
1174 2045 1215 2080 et
1238 2034 1391 2080 melior
1421 2035 1600 2080 melior-

218 2121 301 2167 que
332 2105 382 2149 fit
408 2121 605 2167 quaerens
636 2116 727 2150 tam
761 2123 969 2166 magnum
1008 2106 1202 2161 bonum,
1246 2105 1364 2167 quod
1397 2116 1439 2151 et
1473 2106 1600 2151 inve-

218 2174 428 2221 niendum
457 2176 698 2238 quaeritur,
725 2188 766 2221 et
801 2175 1087 2240 quaerendum
1118 2175 1373 2221 invenitur?
1420 2176 1531 2221 Nam
1560 2186 1602 2221 et

220 2245 433 2309 quaeritur
449 2260 496 2290 ut
517 2246 762 2291 inveniatur
785 2247 976 2301 dulcius,
1005 2256 1047 2291 et
1069 2245 1289 2290 invenitur
1311 2256 1603 2309 utquaeratur

221 2315 402 2361 avidius.
433 2315 682 2360 Secundum
704 2317 790 2362 hoc
817 2316 960 2378 accipi
986 2325 1152 2378 potest,
1187 2315 1307 2377 quod
1345 2315 1514 2361 dictum
1544 2326 1605 2361 est

219 2387 263 2432 in
286 2385 400 2432 libro
427 2385 724 2432 Ecclesiastico
737 2387 884 2447 vdicere
906 2386 1191 2448 sapientiam:
1229 2406 1249 2426 α
1271 2385 1360 2441 Qui
1380 2403 1447 2430 me
1475 2403 1604 2430 man-

222 2477 244 2497 »
267 2454 432 2501 ducant
448 2493 459 2511 ‚
486 2455 632 2500 adhue
653 2459 864 2510 esurient3
885 2467 926 2501 et
952 2458 1028 2518 qui
1051 2455 1214 2501 bibunt
1244 2472 1336 2510 me,
1374 2455 1523 2500 adhuc
1550 2456 1603 2500 si-

223 2547 243 2568 »
265 2524 421 2572 fient-³.
445 2546 465 2566 »
492 2524 763 2572 Manducant
782 2526 896 2571 enim
918 2535 959 2570 et
994 2525 1182 2580 bibunt,
1209 2524 1314 2587 quia
1349 2524 1603 2581 inveniunt,

270 2607 281 2629 ¹
301 2608 381 2639 Psal.
399 2617 464 2645 civ,
484 2609 514 2638 3.
532 2624 577 2630 —
593 2604 609 2627 2
626 2608 701 2639 lsai.
721 2621 773 2648 nv,
788 2610 823 2643 6.
838 2626 884 2633 -—
900 2606 914 2631 3
929 2608 1025 2641 Eccli.
1040 2618 1133 2646 xxxv,
1154 2618 1211 2649 29.
