1894 3154
311 232 407 289 246
733 246 766 275 s.
813 245 1053 276 Ancusrmt
1091 245 1293 276 Erlscom

312 313 665 375 incorporaretur
685 310 887 356 Ecclesiae
905 330 916 365 3
937 312 1119 371 jubetur
1142 311 1312 356 mittere
1334 312 1386 357 ad
1410 313 1584 358 Petrum
1607 350 1618 367 ‚
1639 323 1680 358 et

311 381 530 445 perillum
553 380 682 427 discit
701 380 958 434 Christum3
985 399 1063 444 per
1091 382 1217 427 illum
1245 383 1373 427 etiam
1403 383 1649 446 baptizatus
1667 419 1679 439 ‚

310 452 548 498 christiano
564 450 733 514 populo
756 452 974 496 consortio
993 468 1167 514 quoque
1191 454 1511 499 communionis
1530 453 1684 513 adjun-

311 523 448 583 gitur,
470 522 542 568 cui
559 521 647 566 sola
663 522 878 566 bonorum
899 538 1077 584 operum
1103 522 1386 568 similitudine
1396 525 1678 583 jungebatur.

309 592 555 638 Perniciose
593 591 760 653 quippe
793 601 1086 636 contemneret
1122 592 1289 636 honum
1329 593 1449 654 quod
1489 593 1686 638 nondum

308 662 505 708 habebat
522 697 532 716 ,
554 660 809 723 ,superbiens
833 677 879 705 ex
894 660 969 705 illo
987 661 1106 724 quod
1126 661 1333 708 habebat.
1366 662 1438 707 Sic
1461 663 1591 708 etiam
1612 662 1688 725 qui

311 747 354 777 se
375 731 491 794 ipsos
510 749 532 776 a
558 729 758 775 societate
780 740 1037 776 caeterorum
1060 740 1304 793 separantes
1319 768 1329 786 ,
1355 731 1567 777 charitate
1588 731 1688 778 vio-

311 801 422 858 lata,
454 799 630 846 unitatis
653 799 878 845 vinculum
895 811 1133 863 rumpunt,
1163 801 1197 846 si
1220 800 1333 846 nihil
1349 800 1517 846 faciunt
1540 815 1689 847 eorum

313 888 414 936 quae
443 870 490 917 in
521 869 597 916 illa
632 869 833 915 societate
863 881 1153 934 acceperunt,
1183 871 1228 916 in
1266 872 1470 917 omnibus
1505 873 1691 935 separati

315 951 415 987 sunt
443 959 452 985 :
479 949 522 986 et
541 940 639 985 ideo
658 956 788 1002 quem
808 940 890 985 sibi
918 941 1203 992 sociaverint,
1227 941 1260 986 si
1287 942 1433 987 venile
1454 941 1506 986 ad
1533 941 1690 987 Eccle-

315 1011 420 1057 siam
439 1009 655 1065 voluerit,
695 1009 826 1054 debet
855 1010 999 1055 omni1
1022 1026 1121 1073 quae
1146 1027 1235 1055 non
1271 1011 1440 1073 accepit
1475 1011 1686 1073 accipere.

318 1081 364 1126 Si
383 1097 484 1126 vero
507 1044 717 1125 nonnulla
739 1097 771 1124 e
765 1079 890 1125 idem
914 1079 1107 1136 ficiunt
1140 1098 1226 1125 non
1250 1098 1292 1125 se
1313 1081 1356 1125 in
1380 1081 1438 1125 eis
1462 1097 1690 1143 separave—

315 1160 447 1204 runt;
471 1160 513 1195 et
535 1166 581 1195 ex
605 1167 653 1195 ea
676 1159 800 1212 parte
825 1150 871 1194 in
896 1161 1074 1196 texturae
1105 1167 1314 1213 compage
1342 1150 1620 1205 detinentul,
1649 1149 1696 1195 in

318 1229 473 1266 caetera
499 1219 615 1265 scissi
646 1229 760 1266 sunt.
786 1219 978 1265 Proinde
1012 1221 1046 1265 si
1071 1237 1201 1283 quem
1225 1221 1308 1264 sibi
1333 1220 1620 1275 sociaverint,
1648 1236 1697 1264 ex

317 1307 364 1335 ea
381 1300 506 1352 parte
530 1289 718 1334 nectitur
741 1289 946 1335 Ecclesiae
964 1327 975 1346 ,
1001 1291 1046 1335 in
1065 1308 1149 1353 qua
1173 1290 1333 1335 necilli
1354 1290 1537 1353 separati
1559 1299 1660 1334 sunt
1681 1307 1692 1334 t

319 1370 362 1405 et
391 1359 489 1405 ideo
518 1359 552 1404 si
575 1359 720 1404 venire
753 1358 807 1404 ad
841 1359 1079 1404 Ecclesiam
1102 1359 1316 1405 voluerit.
1357 1359 1403 1404 in
1436 1376 1484 1404 eo
1524 1368 1698 1404 sanatur

320 1429 400 1475 ubi
437 1428 623 1474 laniatus
660 1428 832 1473 errabat
868 1446 878 1473 :
920 1429 996 1474 ubi
1024 1446 1123 1474 vero
1162 1445 1288 1474 sanus
1324 1428 1694 1482 connectebatur,

325 1516 414 1544 non
440 1509 644 1554 curatur,
673 1498 744 1543 sed
768 1499 1038 1558 agnoscitur;
1066 1516 1118 1544 ne
1141 1515 1242 1544 cum
1267 1516 1368 1543 sana
1399 1515 1550 1543 curare
1571 1497 1700 1544 volu-

327 1586 448 1624 mus,
473 1568 619 1632 potius
639 1569 928 1615 vulneremus.
962 1571 1116 1632 Itaque
1133 1569 1195 1614 illi
1216 1586 1324 1631 quos
1345 1569 1597 1631 baptizant,
1631 1585 1701 1612 sa-

328 1648 435 1684 nant
453 1655 477 1682 a
504 1637 683 1683 vulnere
713 1637 973 1684 idololatriae
999 1639 1067 1684 vel
1094 1638 1391 1691 infidelitatis;
1424 1637 1497 1682 sed
1532 1637 1702 1696 gravius

327 1708 487 1754 feriunt
515 1708 694 1754 vulnere
723 1709 979 1755 schismatis
1025 1708 1283 1754 Idololatras
1315 1708 1428 1753 enim
1457 1708 1502 1752 in
1536 1707 1701 1771 populo

327 1778 408 1824 Dei
427 1777 596 1838 gladius
619 1778 888 1834 intere1nit1‚
916 1779 1216 1824 schismaticos
1247 1788 1389 1823 autem
1409 1788 1534 1822 terrae
1559 1777 1704 1823 hiatus

330 1847 603 1893 absorbuit2.
629 1849 685 1893 Et
711 1847 945 1910 Apostolus
966 1866 976 1892 :
1000 1869 1019 1890 «
1040 1848 1082 1892 Si
1102 1848 1292 1893 habeam
1312 1864 1482 1892 omnem
1502 1883 1513 1903 ‚
1539 1847 1701 1910 inquit,

331 1938 351 1958 »
370 1915 501 1961 fidem
515 1953 525 1972 ‚
550 1916 611 1961 ita
630 1926 678 1962 ut
702 1927 869 1962 montes
889 1917 1143 1962 transferam
1164 1954 1175 1972 ,
1205 1917 1465 1962 charitatem
1493 1934 1594 1962 vero
1617 1933 1704 1962 non

332 2007 353 2027 ›>
371 1985 555 2030 habeam
574 2021 584 2041 ,
605 1986 719 2030 nihil
743 1986 878 2032 sum3.
906 2007 926 2027 »

395 2055 475 2101 XI.
501 2054 547 2099 Si
562 2055 658 2118 quis
675 2055 922 2101 adducatur
935 2056 990 2101 ad
1010 2055 1227 2101 medicum
1244 2056 1290 2101 in
1310 2056 1455 2118 aliqua
1472 2056 1707 2101 necessaria

331 2135 455 2188 parte
472 2125 668 2187 corporis
685 2127 805 2184 gravi
820 2126 996 2172 vulnere
1015 2126 1231 2171 sauciatus
1246 2143 1255 2181 ;
1279 2126 1312 2171 si
1327 2126 1478 2171 dixerit
1492 2126 1702 2180 medicus,

336 2194 520 2239 Moritur
543 2194 643 2238 inde
663 2195 744 2239 nisi
772 2206 979 2240 curetur:
1007 2212 1094 2241 non
1120 2196 1277 2258 opinor
1306 2196 1370 2241 illi
1397 2197 1475 2258 qui
1503 2213 1601 2241 eum
1626 2196 1708 2240 ad·-

333 2263 572 2319 duxerunt,
600 2264 659 2309 ita
683 2264 904 2327 desipiunt
919 2303 929 2321 ‚
952 2276 1000 2311 ut
1019 2266 1302 2311 consideratis
1324 2276 1452 2328 atque
1475 2267 1709 2311 numeratis

335 2334 499 2380 caeteris
533 2335 736 2379 membris
761 2341 852 2395 ejus
879 2337 992 2382 sanis
1010 2373 1021 2392 ‚
1055 2336 1347 2399 respondeant
1378 2337 1547 2382 medico
1577 2347 1618 2382 et
1636 2337 1709 2382 di-

335 2415 436 2449 cant
457 2421 467 2447 :
497 2405 687 2462 Ergo-ne
715 2406 795 2450 ista
815 2424 915 2452 sana
943 2417 1007 2452 tot
1032 2407 1227 2452 membra
1252 2424 1339 2451 non
1372 2407 1517 2452 valent
1547 2407 1600 2452 ad
1619 2411 1709 2465 ejus

333 2473 468 2518 vitam
485 2508 494 2524 ‚
517 2482 558 2516 et
575 2472 685 2518 illud
706 2491 840 2520 unum
864 2476 1137 2522 vulneratum
1159 2475 1275 2522 valet
1296 2476 1349 2521 ad
1372 2480 1589 2522 mortem?
1612 2478 1709 2522 Non

385 2554 395 2576 ¹
415 2553 638 2593 Exod.xxx11,
658 2558 712 2589 28.
728 2575 771 2582 -
786 2556 800 2579 2
818 2560 915 2592 Num.
934 2568 1002 2602 nt,
1029 2561 1081 2593 32.
1104 2555 1174 2583 -3
1194 2569 1205 2588 1
1229 2560 1302 2591 Cor.
1322 2569 1396 2601 xm¹
1422 2560 1451 2589 8.
