1894 3154
386 315 481 370 420
797 325 832 355 s,
874 324 1119 355 AUGUSTINI
1154 324 1361 355 EPISCOP1

385 404 468 440 test
491 392 562 439 ille
586 391 663 455 qui
691 389 818 436 unius
842 389 979 449 gregis
999 399 1148 453 pastor
1175 400 1250 436 est.
1278 390 1334 434 Et
1370 388 1465 435 ideo
1488 388 1761 436 manifestum

387 474 471 519 est,
495 480 574 509 nec
598 461 826 507 haereticos
862 476 942 504 nec
967 459 1264 504 schismaticos
1289 459 1453 522 aliquid
1477 459 1649 505 coeleste
1667 478 1762 505 sus-

388 534 532 596 cipere
550 570 560 588 ,
587 533 665 595 qui
698 549 720 576 a
755 528 1042 593 peccantibus
1067 529 1320 574 hominibus
1343 540 1386 574 et
1405 531 1460 575 ab
1487 530 1677 576 Ecclesia
1697 548 1764 576 ex-

386 603 544 649 traneis
564 601 724 647 audent
743 600 952 662 accipere.
980 598 1169 655 Quando
1195 598 1317 644 danti
1331 599 1451 645 locus
1469 617 1558 646 non
1574 612 1653 658 est,
1674 601 1764 646 uti-

384 692 469 737 que
488 691 566 719 nec
592 671 823 735 accipienti
847 669 1039 733 prodest.

448 743 695 788 Lxxwll.
727 740 842 786 Huic
872 738 1176 803 respondetur,
1203 740 1454 804 Scripturas
1472 741 1641 787 divinas
1660 759 1761 787 nus-

384 831 517 878 quam
541 813 799 877 praecepisse
817 849 828 867 ,
856 822 904 857 ut
922 811 1122 856 haeretici
1152 811 1271 874 apud
1295 812 1523 858 haereticos
1551 812 1764 876 baptizati

384 887 526 931 denuo
551 884 856 947 baptizentur3
891 882 963 928 sed
996 882 1144 927 multis
1168 882 1275 928 locis
1312 883 1544 929 ostendisse
1564 920 1576 940 ,
1605 883 1765 929 alienos

383 974 469 1002 esse
492 957 548 1001 ab
586 954 775 1000 Ecclesia
792 990 803 1009 ,
833 970 980 999 omnes
1006 953 1082 1016 qui
1104 970 1192 998 non
1221 965 1321 998 sunt
1342 954 1388 998 in
1414 965 1537 1017 petra
1556 990 1566 1009 ,
1597 971 1676 999 nec
1710 953 1764 999 ad

379 1026 598 1073 columbae
621 1024 737 1070 illius
759 1025 953 1069 membra
983 1024 1218 1086 pertinent,
1247 1035 1288 1069 et
1310 1036 1453 1069 tamen
1478 1025 1703 1088 baptizare
1723 1036 1764 1070 θῖ

375 1096 611 1160 baptizari,
634 1105 674 1140 et
691 1094 854 1139 habere
875 1094 963 1138 sine
981 1093 1116 1138 salute
1131 1105 1451 1140 sacramentum
1472 1095 1631 1141 salutis.
1652 1097 1764 1140 Fons

383 1179 526 1213 autem
551 1176 694 1211 noster
718 1165 794 1227 qui
828 1164 977 1209 simiiis
1006 1175 1067 1209 est
1096 1163 1206 1209 fonti
1230 1165 1420 1227 paradisi
1442 1202 1452 1219 ,
1492 1164 1611 1228 quod
1636 1166 1764 1211 etiam

379 1238 493 1284 sicut
540 1236 611 1283 ille
647 1247 762 1281 extra
809 1234 1060 1297 paradisum
1091 1236 1313 1298 profluat,
1353 1237 1439 1296 jam
1464 1236 1564 1280 satis
1596 1235 1765 1280 dictum

381 1319 470 1354 est:
503 1330 522 1349 «
550 1308 605 1352 Et
628 1305 747 1369 quod
777 1304 950 1350 duobus
972 1305 1146 1368 populis
1161 1342 1172 1361 ,
1201 1305 1246 1350 id
1271 1316 1359 1361 θεῖ,
1382 1323 1458 1350 suo
1477 1316 1519 1350 et
1540 1316 1760 1360 extraneo,

382 1378 614 1424 salutarem
640 1393 797 1439 aquam
818 1375 1010 1420 tribuere
1025 1392 1112 1420 non
1136 1386 1278 1438 potest
1297 1375 1367 1420 ille
1389 1376 1465 1438 qui
1480 1376 1607 1421 unius
1628 1376 1765 1435 gregis

379 1460 531 1512 pastor
556 1459 636 1503 est,
658 1469 678 1488 ›>
704 1446 898 1491 concedo
923 1457 1052 1509 atque
1070 1447 1307 1491 consentio.
1332 1446 1416 1491 Sed
1437 1447 1649 1510 numquid
1663 1448 1765 1510 quia

380 1519 578 1564 salutaris
597 1535 685 1563 non
711 1527 773 1561 θεῖ
795 1517 1020 1571 extraneis,
1047 1515 1144 1561 ideo
1163 1516 1255 1579 ipsa
1276 1533 1363 1561 non
1389 1520 1482 1562 est?
1507 1518 1631 1579 Aqua
1650 1517 1764 1561 euim

381 1589 535 1635 diluvii
555 1587 799 1634 constitutis
820 1587 934 1631 intra
956 1603 1101 1631 arcam
1131 1586 1330 1632 salutaris
1351 1587 1454 1633 fuit.
1487 1598 1601 1633 extra
1620 1604 1765 1632 arcam

379 1677 481 1705 Vero
502 1658 723 1704 mortifera
740 1656 850 1711 fuit3
879 1655 1026 1701 eadem
1044 1667 1186 1702 tamen
1210 1657 1305 1703 fuit.
1332 1658 1387 1702 Et
1411 1657 1536 1702 multi
1557 1657 1760 1712 extranei,

376 1730 423 1775 id
447 1741 526 1785 est,
551 1728 709 1783 invidi,
737 1744 846 1790 quos
868 1744 915 1772 ex
937 1738 1060 1789 parte
1082 1726 1249 1772 diaboli
1272 1745 1358 1772 esse
1384 1728 1633 1791 Cyprianus
1657 1727 1765 1772 dicit

378 1813 419 1846 et
443 1800 496 1845 de
521 1798 762 1862 Scripturis
788 1797 995 1853 ostendit,
1013 1797 1132 1843 velut
1150 1798 1266 1843 intus
1285 1798 1489 1843 videntur
1507 1835 1518 1854 ,
1551 1808 1592 1843 et
1621 1808 1766 1843 tamen

377 1872 461 1915 nisi
484 1880 621 1915 essent
643 1880 759 1914 extra
784 1886 944 1923 arcam,
973 1885 1061 1913 non
1077 1879 1344 1914 morerentur
1362 1886 1439 1931 per
1464 1886 1640 1932 aquam.
1673 1869 1764 1912 Ta-

378 1941 437 1985 les
462 1940 576 1985 enim
598 1938 869 2000 baptismus,
894 1955 993 1982 cum
1016 1955 1064 1982 eo
1097 1938 1207 1983 male
1233 1950 1417 1984 utuntur
1437 1976 1447 1994 ‚
1472 1949 1626 1992 necat3
1654 1937 1765 1984 sicut

379 2010 464 2055 illis
485 2009 538 2055 de
554 2009 717 2072 quibus
743 2008 800 2053 ait
822 2007 1076 2070 Apostolus,
1101 2008 1242 2053 bonus
1277 2008 1385 2053 odor
1406 2009 1571 2053 Christi
1598 2018 1688 2053 erat
1718 2008 1764 2052 in

378 2092 564 2126 mortem
582 2079 616 2126 ¹1.
658 2080 750 2124 Cur
775 2095 876 2137 ergo
907 2095 994 2123 non
1029 2079 1273 2142 suscipiunt
1307 2078 1472 2142 aliquid
1497 2078 1671 2124 coeleste
1696 2077 1765 2122 vel

380 2149 649 2198 schismatici
680 2149 749 2195 ve]
778 2149 1005 2202 haeretici3
1042 2149 1155 2194 sicut
1193 2150 1331 2212 spinae
1360 2151 1446 2195 sive
1472 2149 1633 2194 zizania
1659 2148 1765 2212 plu-

379 2223 513 2276 viam,
537 2221 650 2265 sicut
669 2219 752 2283 ipsi
772 2218 847 2282 qni
875 2229 990 2264 extra
1011 2236 1156 2264 arcam
1177 2218 1371 2274 fuerunt,
1402 2236 1557 2283 aquam
1578 2218 1631 2263 de
1651 2228 1765 2263 cata-

379 2291 509 2337 ractis
534 2289 637 2336 coeli
662 2289 905 2335 venientem
929 2300 1212 2351 susceperunt,
1236 2289 1414 2352 quidem
1437 2326 1448 2345 ,
1484 2288 1556 2334 sed
1578 2287 1631 2333 ad
1660 2305 1764 2350 per-

380 2362 538 2407 niciem
556 2398 567 2417 ,
601 2377 690 2405 non
725 2359 779 2404 ad
804 2358 1017 2404 salutem?
1056 2359 1248 2422 Ideoque
1274 2359 1384 2405 illud
1406 2358 1524 2422 quod
1543 2359 1589 2403 in
1610 2357 1763 2403 ultimo

382 2431 557 2508 posuit,
585 2429 811 2485 «Ouando
835 2429 956 2474 danti
979 2428 1099 2474 locus
1132 2447 1220 2474 non
1248 2440 1309 2474 est
1328 2430 1513 2493 ,utique
1538 2445 1617 2474 nec
1655 2427 1764 2472 acci-

377 2500 516 2565 pienti
534 2499 740 2563 prodest3
770 2521 791 2541 >2
817 2516 907 2544 non
931 2499 1084 2545 laboro
1103 2498 1325 2545 refelleie:
1347 2501 1451 2563 quia
1484 2510 1526 2544 et
1552 2516 1628 2544 nos
1651 2497 1764 2542 dici-

376 2588 475 2617 mus
495 2569 812 2633 accipientibus
828 2586 916 2616 non
933 2569 1154 2633 prodesse,
1179 2587 1282 2618 cum
1299 2570 1346 2619 in
1369 2570 1524 2617 haeresi
1537 2567 1762 2631 accipiunt

426 2654 438 2678 ¹
434 2656 561 2703 Supra
579 2664 652 2698 cap.
672 2664 729 2689 21.
743 2670 789 2678 —
805 2652 821 2677 ²
839 2665 857 2686 2
876 2654 951 2688 Cor.
969 2664 1007 2698 u,
1026 2655 1078 2687 16.
