1894 3154
325 270 381 302 DE
418 264 634 300 BAPTISMO
672 264 847 298 CONTRA
882 262 1173 307 DONATISTAS‚
1212 264 1300 297 Lm.
1343 266 1403 298 1v.
1479 251 1570 299 313

205 348 400 383 mentum
417 334 535 400 quod
554 351 640 380 non
660 333 836 379 mutatis
853 331 1026 379 valebat
1044 330 1100 378 ad
1120 331 1376 396 perniciem,
1402 333 1581 380 mutatis

204 408 343 454 valere
365 409 574 470 inciperet
588 405 643 452 ad
664 405 859 452 salutem.

269 478 342 524 IV.
379 477 495 534 Quia
525 494 604 522 nec
626 476 693 522 isti
727 474 933 522 Ecclesiae
957 474 1104 522 devoti
1128 485 1228 521 sunt
1243 513 1254 533 ‚
1282 475 1358 538 qui
1379 475 1582 522 videntur

202 568 287 596 esse
311 550 427 595 intus
446 547 491 605 1,
528 559 568 594 et
592 558 745 594 contra
769 547 994 593 Christum
1016 547 1172 594 vivunt
1192 585 1203 604 ,
1230 547 1276 592 id
1302 558 1392 604 est,
1426 558 1580 592 contra

204 620 367 667 Christi
382 619 584 665 mandata
604 619 771 665 faciunt
794 637 804 664 :
828 636 907 665 nec
926 618 1104 664 omnino
1127 618 1182 664 ad
1202 617 1320 664 illam
1336 617 1580 663 Ecclesiam

198 692 415 755 pertinere
427 690 657 750 judicandi
676 701 776 736 sunt
794 728 804 746 ,
839 707 971 754 quam
996 691 1055 735 sic
1078 690 1171 753 ipse
1196 688 1380 735 mundat
1407 688 1582 735 lavacro

201 777 325 825 aquae
347 761 393 806 in
403 761 555 817 verbo,
583 771 631 806 ut
651 760 945 806 exhibeatsibi
965 760 1195 820 gloriosam
1214 759 1471 815 Ecclesiam,
1491 776 1580 804 non

198 832 432 877 habentem
456 831 672 877 maculam
701 842 774 876 aut
797 848 967 891 rugam,
990 841 1062 876 aut
1086 830 1251 894 aliquid
1267 828 1523 889 hujusmodi
1540 829 1575 875 2.

200 902 333 958 Quod
369 903 402 948 si
430 902 475 947 in
499 902 578 947 ista
604 902 795 947 Ecclesia
832 919 919 947 non
951 912 1052 946 sunt
1081 901 1117 957 3,
1149 901 1204 946 ad
1233 904 1360 959 cujus
1383 898 1582 944 membra

197 990 284 1018 non
303 974 537 1036 pertinent,
554 990 640 1018 non
664 983 764 1018 sunt
781 973 825 1018 in
846 972 1037 1018 Ecclesia
1060 972 1113 1017 de
1133 988 1220 1035 qua
1243 970 1427 1016 dicitur:
1446 990 1466 1010 α
1483 969 1581 1013 Una

200 1063 218 1084 ›>
234 1054 295 1088 est
326 1043 532 1089 columba
557 1060 651 1088 mea
668 1080 679 1099 ,
708 1060 794 1088 una
806 1053 867 1087 est
889 1043 1018 1087 matri
1041 1059 1130 1087 suae
1146 1040 1165 1069 4
1189 1059 1199 1086 ε
1224 1062 1244 1083 »
1267 1040 1361 1103 ipsa
1383 1049 1445 1084 est
1467 1038 1583 1084 enim

197 1112 286 1157 sine
305 1113 473 1158 macula
493 1123 533 1157 et
552 1129 671 1172 ruga.
699 1114 787 1158 Aut
807 1123 962 1158 asserat
982 1112 1059 1175 qui
1078 1121 1235 1174 potest,
1262 1111 1396 1169 hujus
1413 1108 1580 1154 colum-

197 1183 268 1227 hae
292 1183 489 1229 membra
519 1200 606 1229 esse
628 1184 706 1247 qui
741 1183 898 1229 saeculo
922 1184 1082 1240 verbis,
1134 1200 1223 1228 non
1255 1182 1379 1227 factis
1410 1196 1575 1226 renun-

198 1253 319 1300 tiant.
377 1256 425 1298 ln
435 1255 554 1299 terim
595 1254 758 1317 aliquid
802 1255 998 1300 videmus
1025 1292 1036 1311 ‚
1086 1254 1201 1300 unde
1246 1253 1415 1298 dictum
1456 1250 1577 1296 arbi-

197 1334 314 1369 tror:
337 1346 357 1366 «
377 1325 464 1381 Qui
483 1324 595 1387 sapit
618 1324 751 1380 diem,
774 1325 963 1370 Domino
978 1325 1120 1388 sapit:
1138 1327 1254 1369 Deus
1276 1323 1390 1368 enim
1406 1321 1578 1381 judicat

197 1415 217 1435 ›>
238 1412 407 1440 omnem
432 1394 547 1440 diem
576 1394 593 1423 5
619 1415 652 1441 υ.
685 1395 936 1441 Secundum
961 1406 1102 1441 autem
1125 1398 1216 1454 ejus
1233 1391 1570 1457 praescientiam,

197 1466 271 1528 qui
302 1466 422 1511 novit
446 1483 554 1529 quos
576 1465 951 1528 praedestinaverit
986 1477 1082 1513 ante
1114 1465 1269 1511 mundi
1295 1463 1575 1510 constitutio-

196 1553 294 1580 nem
319 1536 560 1581 conformes
586 1536 782 1595 imaginis
807 1536 904 1582 Filii
930 1537 1012 1591 sui,
1037 1536 1164 1582 multi
1186 1537 1314 1581 etiam
1333 1533 1410 1598 qui
1431 1543 1575 1596 aperte

194 1605 299 1650 foris
324 1616 454 1661 sunt,
483 1616 525 1650 θῖ
558 1606 756 1651 haeretici
779 1606 1080 1669 ζψΡθΠῑιῃῖυΓ,
1110 1606 1259 1652 multis
1282 1604 1468 1651 ethonis
1494 1621 1572 1648 ca-

195 1675 370 1720 tholicis
397 1675 592 1720 meliores
615 1687 728 1722 sunt.
762 1676 879 1732 Quid
910 1677 1025 1722 enim
1055 1677 1140 1722 sint
1161 1675 1319 1732 hodie,
1344 1674 1572 1727 videmus3

196 1746 302 1809 quid
328 1763 420 1791 cras
441 1746 579 1791 futuri
603 1747 705 1792 sint.
732 1747 994 1806 ignoramus.
1025 1748 1081 1792 Et
1103 1749 1197 1792 Deo
1220 1745 1397 1811 quidem
1419 1782 1430 1801 ,
1454 1742 1574 1807 apud

196 1833 324 1879 quem
351 1828 450 1862 sunt
474 1817 704 1880 praesentia
727 1834 827 1880 quae
856 1829 1035 1863 ventura
1057 1828 1176 1874 sunt,
1204 1817 1330 1862 etiam
1359 1815 1477 1879 quod
1500 1813 1573 1859 fu-

195 1888 282 1932 turi
305 1898 404 1933 sunt
411 1890 502 1946 jam
525 1898 625 1933 sunt
645 1906 655 1932 :
675 1905 752 1933 nos
781 1899 921 1934 autem
942 1888 1183 1934 secundum
1207 1887 1253 1933 id
1269 1887 1388 1950 quod
1401 1887 1447 1932 in
1459 1901 1574 1949 prze-

195 1958 303 2003 senti
328 1968 389 2003 est
409 1958 590 2021 quisque
615 1958 872 2015 hominum,
898 1960 1138 2023 quaerimus
1156 1969 1302 2004 utrum
1321 1958 1367 2003 in
1390 1957 1474 2003 illis
1493 1957 1575 2002 Ec-

194 2029 333 2074 clesiae
352 2029 574 2085 membris,
602 2046 703 2092 quae
724 2046 810 2075 una
834 2029 1038 2076 columba
1059 2030 1177 2076 dicta
1207 2041 1268 2075 est
1319 2067 1330 2086 ‚
1353 2039 1394 2075 et
1414 2044 1577 2091 sponsa

197 2099 362 2144 Christi
381 2100 470 2144 sine
494 2100 663 2145 macula
688 2111 729 2145 et
749 2118 854 2160 ruga
871 2100 890 2128 7
910 2137 921 2156 ,
950 2100 1083 2146 hodie
1114 2100 1357 2163 deputandi
1390 2099 1500 2155 sint,
1521 2098 1575 2143 de

194 2169 355 2232 quihus
375 2169 483 2213 dicit
500 2170 745 2231 Cyprianus
765 2171 809 2215 in
826 2169 1019 2233 Epistola
1031 2186 1162 2233 quam
1177 2167 1516 2215 commemoravi
1533 2169 1571 2224 8,

196 2259 214 2278 c<
238 2238 369 2294 Quod
391 2239 503 2283 viam
532 2240 709 2284 Domini
733 2257 822 2286 non
845 2251 1054 2296 tenerent,
1083 2257 1162 2286 nec
1192 2240 1293 2285 data
1317 2239 1400 2285 sibi
1425 2238 1481 2284 ad
1505 2255 1576 2284 sa-

194 2310 330 2354 lutem
372 2309 563 2355 coelestia
597 2310 801 2356 mandata
828 2322 1073 2368 servarent,
1109 2311 1229 2375 quod
1259 2328 1346 2356 non
1381 2309 1573 2356 facerent

196 2380 374 2425 Domini
395 2379 663 2426 voluntatem
683 2399 692 2425 :
714 2382 977 2444 patrimonio
1000 2392 1042 2427 et
1065 2381 1189 2427 lucro
1224 2381 1442 2428 studentes
1463 2416 1474 2437 ‚
1499 2396 1575 2425 su-

244 2482 255 2504 1
271 2485 319 2514 Ex
335 2483 466 2526 epistola
493 2484 532 2516 ad
550 2485 755 2517 Jubaianum.
776 2504 820 2510 —
847 2484 863 2507 2
878 2486 996 2530 Ephes.
1027 2499 1059 2530 v,
1082 2488 1136 2518 26.
1155 2505 1198 2511 -
1227 2484 1242 2508 3
1262 2486 1342 2517 Vide
1362 2497 1379 2516 2
1401 2488 1490 2516 Retr.
1516 2486 1569 2518 18.

196 2554 242 2559 —
260 2533 274 2557 ⁴
295 2538 385 2568 Cant.
405 2549 448 2575 νι,
468 2539 499 2569 8.
521 2556 566 2562 -«
585 2537 598 2560 5
613 2542 708 2573 Rom.
729 2551 793 2578 ΧΠ,
809 2541 840 2572 6.
859 2558 904 2564 -
918 2537 933 2560 6
948 2541 1040 2575 Cant.
1066 2551 1109 2581 v1‚
1137 2542 1167 2575 8.
1184 2558 1228 2564 -
1246 2538 1260 2561 ⁷
1278 2539 1394 2582 Ephes·
1413 2549 1442 2579 v,
1467 2550 1569 2579 17·-

195 2586 210 2610 ὃ
226 2589 325 2632 Epist.
347 2602 399 2625 11.
414 2590 454 2623 ad
474 2590 613 2623 clericos.
