<?xml version="1.0" encoding="UTF-8"?>
<!DOCTYPE html PUBLIC "-//W3C//DTD XHTML 1.0 Transitional//EN"
    "http://www.w3.org/TR/xhtml1/DTD/xhtml1-transitional.dtd">
<html xmlns="http://www.w3.org/1999/xhtml" xml:lang="en" lang="en">
 <head>
  <title>
</title>
<meta http-equiv="Content-Type" content="text/html;charset=utf-8" />
  <meta name='ocr-system' content='tesseract 3.04.00' />
  <meta name='ocr-capabilities' content='ocr_page ocr_carea ocr_par ocr_line ocrx_word'/>
</head>
<body>
  <div class='ocr_page' id='page_1' title='image "./operaomniaaccura31auguuoft_0374.png"; bbox 0 0 1894 3154; ppageno 0'>
   <div class='ocr_carea' id='block_1_1' title="bbox 327 224 1308 283">
    <p class='ocr_par' dir='ltr' id='par_1_1' title="bbox 327 224 1308 283">
     <span class='ocr_line' id='line_1_1' title="bbox 327 224 1308 283; baseline -0.004 -12"><span class='ocrx_word' id='word_1_1' title='bbox 327 224 422 283; x_wconf 69' lang='lat'>364</span> <span class='ocrx_word' id='word_1_2' title='bbox 747 238 783 270; x_wconf 85' lang='lat' dir='ltr'>s.</span> <span class='ocrx_word' id='word_1_3' title='bbox 826 235 1069 269; x_wconf 72' lang='lat' dir='ltr'>Aueusrrm</span> <span class='ocrx_word' id='word_1_4' title='bbox 1104 233 1308 268; x_wconf 84' lang='lat' dir='ltr'>EPISCOPI</span> 
     </span>
    </p>
   </div>
   <div class='ocr_carea' id='block_1_2' title="bbox 327 302 1729 2478">
    <p class='ocr_par' dir='ltr' id='par_1_2' title="bbox 327 302 1703 645">
     <span class='ocr_line' id='line_1_2' title="bbox 328 302 1698 370; baseline 0.001 -18"><span class='ocrx_word' id='word_1_5' title='bbox 328 306 404 370; x_wconf 90' lang='lat' dir='ltr'>qui</span> <span class='ocrx_word' id='word_1_6' title='bbox 428 316 575 352; x_wconf 88' lang='lat' dir='ltr'>tenent</span> <span class='ocrx_word' id='word_1_7' title='bbox 592 304 863 370; x_wconf 87' lang='lat' dir='ltr'>baptismum</span> <span class='ocrx_word' id='word_1_8' title='bbox 879 342 890 362; x_wconf 78' lang='grc'>,</span> <span class='ocrx_word' id='word_1_9' title='bbox 916 315 1060 351; x_wconf 82' lang='lat' dir='ltr'>tenent</span> <span class='ocrx_word' id='word_1_10' title='bbox 1080 304 1315 350; x_wconf 86' lang='lat' dir='ltr'>Ecclesiam</span> <span class='ocrx_word' id='word_1_11' title='bbox 1333 324 1344 358; x_wconf 73' lang='grc' dir='ltr'><strong>ς</strong></span> <span class='ocrx_word' id='word_1_12' title='bbox 1365 302 1477 351; x_wconf 92' lang='lat' dir='ltr'>sicut</span> <span class='ocrx_word' id='word_1_13' title='bbox 1494 320 1582 352; x_wconf 90' lang='lat' dir='ltr'>non</span> <span class='ocrx_word' id='word_1_14' title='bbox 1600 322 1698 353; x_wconf 89' lang='lat' dir='ltr'>om-</span> 
     </span>
     <span class='ocr_line' id='line_1_3' title="bbox 327 377 1702 441; baseline 0.001 -18"><span class='ocrx_word' id='word_1_15' title='bbox 327 395 400 423; x_wconf 90' lang='lat' dir='ltr'>nes</span> <span class='ocrx_word' id='word_1_16' title='bbox 425 377 502 441; x_wconf 90' lang='lat' dir='ltr'>qui</span> <span class='ocrx_word' id='word_1_17' title='bbox 523 388 668 424; x_wconf 85' lang='lat' dir='ltr'>tenent</span> <span class='ocrx_word' id='word_1_18' title='bbox 692 377 926 422; x_wconf 87' lang='lat' dir='ltr'>Ecclesiam</span> <span class='ocrx_word' id='word_1_19' title='bbox 941 414 952 432; x_wconf 81' lang='grc'><em>,</em></span> <span class='ocrx_word' id='word_1_20' title='bbox 984 387 1128 422; x_wconf 86' lang='lat' dir='ltr'>tenent</span> <span class='ocrx_word' id='word_1_21' title='bbox 1148 387 1190 422; x_wconf 91' lang='lat' dir='ltr'>et</span> <span class='ocrx_word' id='word_1_22' title='bbox 1212 377 1345 422; x_wconf 73' lang='lat' dir='ltr'>vitam</span> <span class='ocrx_word' id='word_1_23' title='bbox 1365 387 1584 424; x_wconf 74' lang='lat' dir='ltr'>aeternam.</span> <span class='ocrx_word' id='word_1_24' title='bbox 1615 380 1702 424; x_wconf 90' lang='lat' dir='ltr'>Aut</span> 
     </span>
     <span class='ocr_line' id='line_1_4' title="bbox 328 447 1702 510; baseline 0 -17"><span class='ocrx_word' id='word_1_25' title='bbox 328 448 363 493; x_wconf 89' lang='lat' dir='ltr'>si</span> <span class='ocrx_word' id='word_1_26' title='bbox 381 448 618 494; x_wconf 81' lang='lat' dir='ltr'>Ecclesiam</span> <span class='ocrx_word' id='word_1_27' title='bbox 634 459 774 494; x_wconf 90' lang='lat' dir='ltr'>tenere</span> <span class='ocrx_word' id='word_1_28' title='bbox 791 465 878 492; x_wconf 92' lang='lat' dir='ltr'>non</span> <span class='ocrx_word' id='word_1_29' title='bbox 899 447 1086 492; x_wconf 84' lang='lat' dir='ltr'>dicimus</span> <span class='ocrx_word' id='word_1_30' title='bbox 1099 484 1110 503; x_wconf 83' lang='lat'>‚</span> <span class='ocrx_word' id='word_1_31' title='bbox 1134 447 1215 492; x_wconf 90' lang='lat' dir='ltr'>nisi</span> <span class='ocrx_word' id='word_1_32' title='bbox 1232 464 1302 493; x_wconf 87' lang='lat' dir='ltr'>eos</span> <span class='ocrx_word' id='word_1_33' title='bbox 1322 447 1399 510; x_wconf 90' lang='lat' dir='ltr'>qui</span> <span class='ocrx_word' id='word_1_34' title='bbox 1416 447 1563 494; x_wconf 83' lang='lat' dir='ltr'>divina</span> <span class='ocrx_word' id='word_1_35' title='bbox 1581 465 1702 493; x_wconf 86' lang='lat' dir='ltr'>man-</span> 
     </span>
     <span class='ocr_line' id='line_1_5' title="bbox 329 517 1703 581; baseline -0.001 -18"><span class='ocrx_word' id='word_1_36' title='bbox 329 518 431 563; x_wconf 86' lang='lat' dir='ltr'>data</span> <span class='ocrx_word' id='word_1_37' title='bbox 455 519 708 565; x_wconf 87' lang='lat' dir='ltr'>custodiunt</span> <span class='ocrx_word' id='word_1_38' title='bbox 721 556 732 574; x_wconf 83' lang='grc'>,</span> <span class='ocrx_word' id='word_1_39' title='bbox 753 518 911 563; x_wconf 88' lang='lat' dir='ltr'>multos</span> <span class='ocrx_word' id='word_1_40' title='bbox 926 521 1016 576; x_wconf 84' lang='lat' dir='ltr'>jam</span> <span class='ocrx_word' id='word_1_41' title='bbox 1033 535 1118 563; x_wconf 90' lang='lat' dir='ltr'>esse</span> <span class='ocrx_word' id='word_1_42' title='bbox 1135 517 1415 564; x_wconf 85' lang='lat' dir='ltr'>concedimus</span> <span class='ocrx_word' id='word_1_43' title='bbox 1432 518 1703 581; x_wconf 85' lang='lat' dir='ltr'>baptismum</span> 
     </span>
     <span class='ocr_line' id='line_1_6' title="bbox 328 588 1217 645; baseline 0.002 -12"><span class='ocrx_word' id='word_1_44' title='bbox 328 600 544 645; x_wconf 82' lang='lat' dir='ltr'>tenentes,</span> <span class='ocrx_word' id='word_1_45' title='bbox 571 600 612 633; x_wconf 91' lang='lat' dir='ltr'>et</span> <span class='ocrx_word' id='word_1_46' title='bbox 639 588 878 634; x_wconf 84' lang='lat' dir='ltr'>Ecclesiam</span> <span class='ocrx_word' id='word_1_47' title='bbox 897 604 987 633; x_wconf 91' lang='lat' dir='ltr'>non</span> <span class='ocrx_word' id='word_1_48' title='bbox 1013 598 1217 635; x_wconf 86' lang='lat' dir='ltr'>tenentes.</span> 
     </span>
    </p>

    <p class='ocr_par' dir='ltr' id='par_1_3' title="bbox 331 656 1727 2266">
     <span class='ocr_line' id='line_1_7' title="bbox 395 656 1705 721; baseline -0.002 -17"><span class='ocrx_word' id='word_1_49' title='bbox 395 660 516 704; x_wconf 72' lang='lat' dir='ltr'>XXI.</span> <span class='ocrx_word' id='word_1_50' title='bbox 548 657 848 714; x_wconf 81' lang='lat' dir='ltr'>Quamobrem</span> <span class='ocrx_word' id='word_1_51' title='bbox 872 675 960 703; x_wconf 91' lang='lat' dir='ltr'>non</span> <span class='ocrx_word' id='word_1_52' title='bbox 984 679 1004 699; x_wconf 78' lang='grc' dir='ltr'>α</span> <span class='ocrx_word' id='word_1_53' title='bbox 1024 661 1311 721; x_wconf 85' lang='lat' dir='ltr'>Praeoccupat</span> <span class='ocrx_word' id='word_1_54' title='bbox 1334 656 1565 703; x_wconf 84' lang='lat' dir='ltr'>haereticus</span> <span class='ocrx_word' id='word_1_55' title='bbox 1587 657 1705 720; x_wconf 88' lang='lat' dir='ltr'>bap-</span> 
     </span>
     <span class='ocr_line' id='line_1_8' title="bbox 331 726 1706 791; baseline -0.001 -18"><span class='ocrx_word' id='word_1_56' title='bbox 331 727 539 773; x_wconf 75' lang='grc'>115111111111</span> <span class='ocrx_word' id='word_1_57' title='bbox 561 745 572 773; x_wconf 74' lang='lat'>2</span> <span class='ocrx_word' id='word_1_58' title='bbox 596 749 617 769; x_wconf 83' lang='lat'>»</span> <span class='ocrx_word' id='word_1_59' title='bbox 642 744 743 773; x_wconf 90' lang='lat' dir='ltr'>cum</span> <span class='ocrx_word' id='word_1_60' title='bbox 761 744 860 773; x_wconf 89' lang='lat' dir='ltr'>eum</span> <span class='ocrx_word' id='word_1_61' title='bbox 882 728 936 773; x_wconf 84' lang='lat' dir='ltr'>ab</span> <span class='ocrx_word' id='word_1_62' title='bbox 963 727 1154 773; x_wconf 81' lang='lat' dir='ltr'>Ecclesia</span> <span class='ocrx_word' id='word_1_63' title='bbox 1177 728 1420 791; x_wconf 80' lang='lat' dir='ltr'>sumpserit.</span> <span class='ocrx_word' id='word_1_64' title='bbox 1449 728 1538 773; x_wconf 93' lang='lat' dir='ltr'>Nec</span> <span class='ocrx_word' id='word_1_65' title='bbox 1560 726 1706 790; x_wconf 89' lang='lat' dir='ltr'>potuit</span> 
     </span>
     <span class='ocr_line' id='line_1_9' title="bbox 333 796 1708 861; baseline -0.001 -19"><span class='ocrx_word' id='word_1_66' title='bbox 333 797 529 843; x_wconf 87' lang='lat' dir='ltr'>amittere</span> <span class='ocrx_word' id='word_1_67' title='bbox 544 814 644 843; x_wconf 90' lang='lat' dir='ltr'>cum</span> <span class='ocrx_word' id='word_1_68' title='bbox 661 797 906 854; x_wconf 80' lang='lat' dir='ltr'>recederet,</span> <span class='ocrx_word' id='word_1_69' title='bbox 931 815 1059 861; x_wconf 89' lang='lat' dir='ltr'>quem</span> <span class='ocrx_word' id='word_1_70' title='bbox 1075 801 1165 858; x_wconf 87' lang='lat' dir='ltr'>jam</span> <span class='ocrx_word' id='word_1_71' title='bbox 1185 815 1271 843; x_wconf 88' lang='grc'>11011</span> <span class='ocrx_word' id='word_1_72' title='bbox 1292 797 1454 842; x_wconf 89' lang='lat' dir='ltr'>habere</span> <span class='ocrx_word' id='word_1_73' title='bbox 1469 796 1708 842; x_wconf 86' lang='lat' dir='ltr'>Ecclesiam</span> 
     </span>
     <span class='ocr_line' id='line_1_10' title="bbox 333 866 1708 931; baseline -0.001 -19"><span class='ocrx_word' id='word_1_74' title='bbox 333 866 520 912; x_wconf 90' lang='lat' dir='ltr'>dicimus</span> <span class='ocrx_word' id='word_1_75' title='bbox 537 904 548 923; x_wconf 83' lang='lat'>‚</span> <span class='ocrx_word' id='word_1_76' title='bbox 572 878 613 913; x_wconf 88' lang='lat' dir='ltr'>et</span> <span class='ocrx_word' id='word_1_77' title='bbox 632 878 776 913; x_wconf 88' lang='lat' dir='ltr'>tamen</span> <span class='ocrx_word' id='word_1_78' title='bbox 797 868 959 913; x_wconf 86' lang='lat' dir='ltr'>habere</span> <span class='ocrx_word' id='word_1_79' title='bbox 978 868 1247 931; x_wconf 87' lang='lat' dir='ltr'>baptismum</span> <span class='ocrx_word' id='word_1_80' title='bbox 1269 867 1561 913; x_wconf 89' lang='lat' dir='ltr'>concedimus.</span> <span class='ocrx_word' id='word_1_81' title='bbox 1586 866 1708 911; x_wconf 87' lang='lat' dir='ltr'>«Nec</span> 
     </span>
     <span class='ocr_line' id='line_1_11' title="bbox 333 937 1709 1003; baseline 0 -21"><span class='ocrx_word' id='word_1_82' title='bbox 333 939 570 1000; x_wconf 89' lang='lat' dir='ltr'>primatum</span> <span class='ocrx_word' id='word_1_83' title='bbox 589 940 819 1003; x_wconf 87' lang='lat' dir='ltr'>quisquam</span> <span class='ocrx_word' id='word_1_84' title='bbox 841 939 925 984; x_wconf 87' lang='lat' dir='ltr'>sibi</span> <span class='ocrx_word' id='word_1_85' title='bbox 949 939 1150 998; x_wconf 85' lang='lat' dir='ltr'>derogat,</span> <span class='ocrx_word' id='word_1_86' title='bbox 1178 949 1219 984; x_wconf 92' lang='lat' dir='ltr'>et</span> <span class='ocrx_word' id='word_1_87' title='bbox 1242 938 1449 984; x_wconf 86' lang='lat' dir='ltr'>haeretico</span> <span class='ocrx_word' id='word_1_88' title='bbox 1475 937 1632 983; x_wconf 82' lang='lat' dir='ltr'>tribuit</span> <span class='ocrx_word' id='word_1_89' title='bbox 1655 954 1666 982; x_wconf 71' lang='grc' dir='ltr'><strong>ι</strong></span> <span class='ocrx_word' id='word_1_90' title='bbox 1687 957 1709 978; x_wconf 90' lang='lat'>»</span> 
     </span>
     <span class='ocr_line' id='line_1_12' title="bbox 332 1007 1711 1074; baseline -0.001 -20"><span class='ocrx_word' id='word_1_91' title='bbox 332 1008 435 1072; x_wconf 89' lang='lat' dir='ltr'>quia</span> <span class='ocrx_word' id='word_1_92' title='bbox 460 1026 558 1054; x_wconf 91' lang='lat' dir='ltr'>eum</span> <span class='ocrx_word' id='word_1_93' title='bbox 580 1009 686 1055; x_wconf 90' lang='lat' dir='ltr'>dicit</span> <span class='ocrx_word' id='word_1_94' title='bbox 706 1027 850 1055; x_wconf 90' lang='lat' dir='ltr'>secum</span> <span class='ocrx_word' id='word_1_95' title='bbox 883 1010 1106 1056; x_wconf 83' lang='lat' dir='ltr'>abstulisse</span> <span class='ocrx_word' id='word_1_96' title='bbox 1121 1047 1131 1065; x_wconf 87' lang='lat'><strong><em>,</em></strong></span> <span class='ocrx_word' id='word_1_97' title='bbox 1162 1009 1282 1074; x_wconf 87' lang='lat' dir='ltr'>quod</span> <span class='ocrx_word' id='word_1_98' title='bbox 1308 1027 1395 1055; x_wconf 88' lang='lat' dir='ltr'>non</span> <span class='ocrx_word' id='word_1_99' title='bbox 1418 1009 1606 1069; x_wconf 85' lang='lat' dir='ltr'>legitime</span> <span class='ocrx_word' id='word_1_100' title='bbox 1628 1007 1711 1053; x_wconf 88' lang='lat' dir='ltr'>da-</span> 
     </span>
     <span class='ocr_line' id='line_1_13' title="bbox 333 1078 1711 1139; baseline 0 -16"><span class='ocrx_word' id='word_1_101' title='bbox 333 1088 423 1134; x_wconf 84' lang='lat' dir='ltr'>ret,</span> <span class='ocrx_word' id='word_1_102' title='bbox 452 1079 524 1124; x_wconf 84' lang='lat' dir='ltr'>sed</span> <span class='ocrx_word' id='word_1_103' title='bbox 552 1090 694 1124; x_wconf 87' lang='lat' dir='ltr'>tamen</span> <span class='ocrx_word' id='word_1_104' title='bbox 719 1079 958 1139; x_wconf 88' lang='lat' dir='ltr'>legitimum</span> <span class='ocrx_word' id='word_1_105' title='bbox 977 1080 1123 1136; x_wconf 78' lang='lat' dir='ltr'>daret,</span> <span class='ocrx_word' id='word_1_106' title='bbox 1149 1097 1229 1125; x_wconf 91' lang='lat' dir='ltr'>nec</span> <span class='ocrx_word' id='word_1_107' title='bbox 1241 1083 1333 1138; x_wconf 85' lang='lat' dir='ltr'>jam</span> <span class='ocrx_word' id='word_1_108' title='bbox 1357 1079 1545 1139; x_wconf 84' lang='lat' dir='ltr'>legitime</span> <span class='ocrx_word' id='word_1_109' title='bbox 1567 1078 1711 1123; x_wconf 87' lang='lat' dir='ltr'>habe-</span> 
     </span>
     <span class='ocr_line' id='line_1_14' title="bbox 334 1145 1713 1209; baseline -0.001 -17"><span class='ocrx_word' id='word_1_110' title='bbox 334 1158 399 1193; x_wconf 91' lang='lat' dir='ltr'>ret</span> <span class='ocrx_word' id='word_1_111' title='bbox 418 1184 429 1203; x_wconf 85' lang='grc'>,</span> <span class='ocrx_word' id='word_1_112' title='bbox 457 1148 529 1194; x_wconf 89' lang='lat' dir='ltr'>sed</span> <span class='ocrx_word' id='word_1_113' title='bbox 550 1148 792 1209; x_wconf 85' lang='lat' dir='ltr'>legitimum</span> <span class='ocrx_word' id='word_1_114' title='bbox 813 1150 1009 1197; x_wconf 87' lang='lat' dir='ltr'>haberet.</span> <span class='ocrx_word' id='word_1_115' title='bbox 1043 1150 1259 1195; x_wconf 90' lang='lat' dir='ltr'>Primatus</span> <span class='ocrx_word' id='word_1_116' title='bbox 1287 1159 1428 1194; x_wconf 86' lang='lat' dir='ltr'>autem</span> <span class='ocrx_word' id='word_1_117' title='bbox 1447 1165 1536 1193; x_wconf 89' lang='lat' dir='ltr'>non</span> <span class='ocrx_word' id='word_1_118' title='bbox 1555 1157 1616 1192; x_wconf 91' lang='lat' dir='ltr'>est</span> <span class='ocrx_word' id='word_1_119' title='bbox 1632 1145 1713 1192; x_wconf 89' lang='lat' dir='ltr'>nisi</span> 
     </span>
     <span class='ocr_line' id='line_1_15' title="bbox 335 1217 1714 1281; baseline 0 -19"><span class='ocrx_word' id='word_1_120' title='bbox 335 1217 382 1262; x_wconf 91' lang='lat' dir='ltr'>in</span> <span class='ocrx_word' id='word_1_121' title='bbox 402 1229 551 1264; x_wconf 88' lang='lat' dir='ltr'>sancta</span> <span class='ocrx_word' id='word_1_122' title='bbox 575 1220 901 1265; x_wconf 87' lang='lat' dir='ltr'>conversatione</span> <span class='ocrx_word' id='word_1_123' title='bbox 921 1230 962 1265; x_wconf 91' lang='lat' dir='ltr'>et</span> <span class='ocrx_word' id='word_1_124' title='bbox 987 1220 1076 1266; x_wconf 79' lang='lat' dir='ltr'>vita</span> <span class='ocrx_word' id='word_1_125' title='bbox 1094 1220 1208 1264; x_wconf 87' lang='lat' dir='ltr'>bona</span> <span class='ocrx_word' id='word_1_126' title='bbox 1229 1255 1241 1275; x_wconf 87' lang='lat'><strong><em>,</em></strong></span> <span class='ocrx_word' id='word_1_127' title='bbox 1271 1236 1358 1281; x_wconf 91' lang='lat' dir='ltr'>quo</span> <span class='ocrx_word' id='word_1_128' title='bbox 1377 1219 1595 1281; x_wconf 88' lang='lat' dir='ltr'>pertinent</span> <span class='ocrx_word' id='word_1_129' title='bbox 1614 1233 1714 1262; x_wconf 92' lang='lat' dir='ltr'>om-</span> 
     </span>
     <span class='ocr_line' id='line_1_16' title="bbox 336 1289 1714 1353; baseline 0.001 -22"><span class='ocrx_word' id='word_1_130' title='bbox 336 1305 408 1332; x_wconf 89' lang='lat' dir='ltr'>nes</span> <span class='ocrx_word' id='word_1_131' title='bbox 427 1325 437 1343; x_wconf 80' lang='grc'>,</span> <span class='ocrx_word' id='word_1_132' title='bbox 464 1305 511 1333; x_wconf 81' lang='lat' dir='ltr'>ex</span> <span class='ocrx_word' id='word_1_133' title='bbox 533 1289 693 1350; x_wconf 90' lang='lat' dir='ltr'>quibus</span> <span class='ocrx_word' id='word_1_134' title='bbox 712 1301 919 1353; x_wconf 86' lang='lat' dir='ltr'>tanquam</span> <span class='ocrx_word' id='word_1_135' title='bbox 939 1290 1145 1335; x_wconf 82' lang='lat' dir='ltr'>membris</span> <span class='ocrx_word' id='word_1_136' title='bbox 1161 1300 1330 1335; x_wconf 89' lang='lat' dir='ltr'>constat</span> <span class='ocrx_word' id='word_1_137' title='bbox 1355 1289 1426 1334; x_wconf 91' lang='lat' dir='ltr'>illa</span> <span class='ocrx_word' id='word_1_138' title='bbox 1451 1306 1608 1352; x_wconf 83' lang='lat' dir='ltr'>sponsa</span> <span class='ocrx_word' id='word_1_139' title='bbox 1625 1305 1714 1333; x_wconf 88' lang='lat' dir='ltr'>non</span> 
     </span>
     <span class='ocr_line' id='line_1_17' title="bbox 339 1356 1714 1423; baseline 0.001 -22"><span class='ocrx_word' id='word_1_140' title='bbox 339 1356 507 1402; x_wconf 83' lang='lat' dir='ltr'>habens</span> <span class='ocrx_word' id='word_1_141' title='bbox 531 1359 748 1404; x_wconf 87' lang='lat' dir='ltr'>maculam</span> <span class='ocrx_word' id='word_1_142' title='bbox 780 1377 919 1423; x_wconf 89' lang='lat' dir='ltr'>neque</span> <span class='ocrx_word' id='word_1_143' title='bbox 943 1360 1153 1420; x_wconf 80' lang='lat' dir='ltr'>rugam2,</span> <span class='ocrx_word' id='word_1_144' title='bbox 1190 1370 1231 1404; x_wconf 82' lang='lat' dir='ltr'>et</span> <span class='ocrx_word' id='word_1_145' title='bbox 1261 1359 1333 1404; x_wconf 95' lang='grc'>1113</span> <span class='ocrx_word' id='word_1_146' title='bbox 1366 1359 1573 1404; x_wconf 88' lang='lat' dir='ltr'>columba</span> <span class='ocrx_word' id='word_1_147' title='bbox 1602 1360 1714 1403; x_wconf 89' lang='lat' dir='ltr'>inter</span> 
     </span>
     <span class='ocr_line' id='line_1_18' title="bbox 339 1427 1711 1493; baseline 0.001 -22"><span class='ocrx_word' id='word_1_148' title='bbox 339 1427 578 1473; x_wconf 84' lang='lat' dir='ltr'>multorum</span> <span class='ocrx_word' id='word_1_149' title='bbox 609 1445 841 1475; x_wconf 81' lang='lat' dir='ltr'>corvorum</span> <span class='ocrx_word' id='word_1_150' title='bbox 873 1429 1201 1493; x_wconf 85' lang='lat' dir='ltr'>improbitatem</span> <span class='ocrx_word' id='word_1_151' title='bbox 1233 1446 1403 1488; x_wconf 87' lang='lat' dir='ltr'>gemens</span> <span class='ocrx_word' id='word_1_152' title='bbox 1428 1446 1439 1473; x_wconf 74' lang='lat' dir='ltr'><strong><em>z</em></strong></span> <span class='ocrx_word' id='word_1_153' title='bbox 1472 1428 1554 1474; x_wconf 88' lang='lat' dir='ltr'>nisi</span> <span class='ocrx_word' id='word_1_154' title='bbox 1576 1427 1711 1483; x_wconf 81' lang='lat' dir='ltr'>forte,</span> 
     </span>
     <span class='ocr_line' id='line_1_19' title="bbox 340 1498 1716 1562; baseline 0 -20"><span class='ocrx_word' id='word_1_155' title='bbox 340 1513 440 1543; x_wconf 91' lang='lat' dir='ltr'>cum</span> <span class='ocrx_word' id='word_1_156' title='bbox 461 1499 573 1544; x_wconf 78' lang='lat' dir='ltr'>Esau</span> <span class='ocrx_word' id='word_1_157' title='bbox 596 1510 778 1562; x_wconf 88' lang='lat' dir='ltr'>propter</span> <span class='ocrx_word' id='word_1_158' title='bbox 803 1500 1021 1546; x_wconf 72' lang='lat' dir='ltr'>lenticulae</span> <span class='ocrx_word' id='word_1_159' title='bbox 1052 1499 1453 1562; x_wconf 85' lang='lat' dir='ltr'>concupiscentiam</span> <span class='ocrx_word' id='word_1_160' title='bbox 1478 1498 1716 1561; x_wconf 88' lang='lat' dir='ltr'>primatum</span> 
     </span>
     <span class='ocr_line' id='line_1_20' title="bbox 339 1567 1717 1633; baseline 0 -21"><span class='ocrx_word' id='word_1_161' title='bbox 339 1567 608 1630; x_wconf 81' lang='lat' dir='ltr'>perdiderit3</span> <span class='ocrx_word' id='word_1_162' title='bbox 626 1606 637 1625; x_wconf 81' lang='grc'>,</span> <span class='ocrx_word' id='word_1_163' title='bbox 667 1580 809 1616; x_wconf 88' lang='grc'>1611616</span> <span class='ocrx_word' id='word_1_164' title='bbox 830 1570 1068 1633; x_wconf 86' lang='lat' dir='ltr'>primatum</span> <span class='ocrx_word' id='word_1_165' title='bbox 1094 1568 1335 1614; x_wconf 85' lang='lat' dir='ltr'>arbitrandi</span> <span class='ocrx_word' id='word_1_166' title='bbox 1361 1578 1462 1614; x_wconf 90' lang='lat' dir='ltr'>sunt</span> <span class='ocrx_word' id='word_1_167' title='bbox 1490 1567 1717 1616; x_wconf 82' lang='lat' dir='ltr'>fraudato-</span> 
     </span>
     <span class='ocr_line' id='line_1_21' title="bbox 339 1636 1720 1702; baseline -0.001 -18"><span class='ocrx_word' id='word_1_168' title='bbox 339 1656 404 1685; x_wconf 90' lang='lat' dir='ltr'>res</span> <span class='ocrx_word' id='word_1_169' title='bbox 422 1676 433 1695; x_wconf 83' lang='grc'>,</span> <span class='ocrx_word' id='word_1_170' title='bbox 473 1650 668 1702; x_wconf 87' lang='lat' dir='ltr'>raptores</span> <span class='ocrx_word' id='word_1_171' title='bbox 688 1678 698 1697; x_wconf 84' lang='lat'><strong><em>‚</em></strong></span> <span class='ocrx_word' id='word_1_172' title='bbox 733 1641 1013 1687; x_wconf 87' lang='lat' dir='ltr'>foeneratores</span> <span class='ocrx_word' id='word_1_173' title='bbox 1029 1678 1039 1697; x_wconf 87' lang='lat'>‚</span> <span class='ocrx_word' id='word_1_174' title='bbox 1080 1639 1242 1696; x_wconf 76' lang='lat' dir='ltr'>invidi,</span> <span class='ocrx_word' id='word_1_175' title='bbox 1277 1639 1435 1684; x_wconf 85' lang='lat' dir='ltr'>ebriosi</span> <span class='ocrx_word' id='word_1_176' title='bbox 1455 1676 1467 1694; x_wconf 84' lang='lat'>‚</span> <span class='ocrx_word' id='word_1_177' title='bbox 1495 1649 1536 1684; x_wconf 91' lang='lat' dir='ltr'>et</span> <span class='ocrx_word' id='word_1_178' title='bbox 1573 1636 1720 1684; x_wconf 82' lang='lat' dir='ltr'>caeteri</span> 
     </span>
     <span class='ocr_line' id='line_1_22' title="bbox 342 1708 1722 1774; baseline -0.001 -20"><span class='ocrx_word' id='word_1_179' title='bbox 342 1709 627 1769; x_wconf 86' lang='lat' dir='ltr'>hujusmodi,</span> <span class='ocrx_word' id='word_1_180' title='bbox 652 1711 799 1774; x_wconf 88' lang='lat' dir='ltr'>quales</span> <span class='ocrx_word' id='word_1_181' title='bbox 819 1712 864 1757; x_wconf 91' lang='lat' dir='ltr'>in</span> <span class='ocrx_word' id='word_1_182' title='bbox 885 1711 1077 1758; x_wconf 88' lang='lat' dir='ltr'>Ecclesia</span> <span class='ocrx_word' id='word_1_183' title='bbox 1094 1710 1159 1756; x_wconf 91' lang='lat' dir='ltr'>sui</span> <span class='ocrx_word' id='word_1_184' title='bbox 1175 1709 1384 1773; x_wconf 87' lang='lat' dir='ltr'>temporis</span> <span class='ocrx_word' id='word_1_185' title='bbox 1407 1709 1536 1754; x_wconf 85' lang='lat' dir='ltr'>etiam</span> <span class='ocrx_word' id='word_1_186' title='bbox 1556 1725 1632 1772; x_wconf 91' lang='lat' dir='ltr'>per</span> <span class='ocrx_word' id='word_1_187' title='bbox 1653 1708 1722 1753; x_wconf 86' lang='lat' dir='ltr'>lit-</span> 
     </span>
     <span class='ocr_line' id='line_1_23' title="bbox 344 1779 1723 1844; baseline -0.001 -19"><span class='ocrx_word' id='word_1_188' title='bbox 344 1790 454 1825; x_wconf 87' lang='lat' dir='ltr'>teras</span> <span class='ocrx_word' id='word_1_189' title='bbox 476 1782 723 1844; x_wconf 71' lang='lat' dir='ltr'>Cyprianus</span> <span class='ocrx_word' id='word_1_190' title='bbox 757 1783 981 1842; x_wconf 87' lang='lat' dir='ltr'>ingemuit.</span> <span class='ocrx_word' id='word_1_191' title='bbox 1019 1782 1301 1844; x_wconf 82' lang='lat' dir='ltr'>Quapropter</span> <span class='ocrx_word' id='word_1_192' title='bbox 1325 1791 1400 1826; x_wconf 89' lang='lat' dir='ltr'>aut</span> <span class='ocrx_word' id='word_1_193' title='bbox 1424 1779 1543 1842; x_wconf 90' lang='lat' dir='ltr'>quod</span> <span class='ocrx_word' id='word_1_194' title='bbox 1565 1789 1627 1824; x_wconf 93' lang='lat' dir='ltr'>est</span> <span class='ocrx_word' id='word_1_195' title='bbox 1656 1789 1723 1824; x_wconf 91' lang='lat' dir='ltr'>te-</span> 
     </span>
     <span class='ocr_line' id='line_1_24' title="bbox 345 1849 1720 1912; baseline -0.001 -18"><span class='ocrx_word' id='word_1_196' title='bbox 345 1867 445 1895; x_wconf 89' lang='lat' dir='ltr'>nere</span> <span class='ocrx_word' id='word_1_197' title='bbox 465 1851 704 1897; x_wconf 87' lang='lat' dir='ltr'>Ecclesiam</span> <span class='ocrx_word' id='word_1_198' title='bbox 718 1889 728 1907; x_wconf 83' lang='lat'>‚</span> <span class='ocrx_word' id='word_1_199' title='bbox 758 1869 847 1897; x_wconf 88' lang='lat' dir='ltr'>non</span> <span class='ocrx_word' id='word_1_200' title='bbox 866 1853 952 1898; x_wconf 90' lang='lat' dir='ltr'>hoc</span> <span class='ocrx_word' id='word_1_201' title='bbox 971 1862 1032 1898; x_wconf 85' lang='lat' dir='ltr'>est</span> <span class='ocrx_word' id='word_1_202' title='bbox 1051 1852 1096 1896; x_wconf 93' lang='lat' dir='ltr'>in</span> <span class='ocrx_word' id='word_1_203' title='bbox 1116 1851 1274 1896; x_wconf 87' lang='lat' dir='ltr'>divinis</span> <span class='ocrx_word' id='word_1_204' title='bbox 1296 1861 1434 1896; x_wconf 85' lang='lat' dir='ltr'>tenere</span> <span class='ocrx_word' id='word_1_205' title='bbox 1456 1849 1720 1912; x_wconf 82' lang='lat' dir='ltr'>primatum3</span> 
     </span>
     <span class='ocr_line' id='line_1_25' title="bbox 348 1921 1720 1985; baseline -0.001 -20"><span class='ocrx_word' id='word_1_206' title='bbox 348 1931 423 1966; x_wconf 82' lang='lat' dir='ltr'>aut</span> <span class='ocrx_word' id='word_1_207' title='bbox 447 1921 480 1965; x_wconf 83' lang='lat' dir='ltr'>si</span> <span class='ocrx_word' id='word_1_208' title='bbox 505 1923 645 1967; x_wconf 86' lang='lat' dir='ltr'>omnis</span> <span class='ocrx_word' id='word_1_209' title='bbox 668 1924 743 1985; x_wconf 90' lang='lat' dir='ltr'>qui</span> <span class='ocrx_word' id='word_1_210' title='bbox 767 1934 881 1968; x_wconf 89' lang='lat' dir='ltr'>tenet</span> <span class='ocrx_word' id='word_1_211' title='bbox 909 1923 1148 1968; x_wconf 87' lang='lat' dir='ltr'>Ecclesiam</span> <span class='ocrx_word' id='word_1_212' title='bbox 1173 1922 1302 1967; x_wconf 89' lang='lat' dir='ltr'>etiam</span> <span class='ocrx_word' id='word_1_213' title='bbox 1320 1922 1559 1984; x_wconf 87' lang='lat' dir='ltr'>primatum</span> <span class='ocrx_word' id='word_1_214' title='bbox 1580 1929 1720 1974; x_wconf 86' lang='lat' dir='ltr'>tenet,</span> 
     </span>
     <span class='ocr_line' id='line_1_26' title="bbox 348 1989 1725 2054; baseline -0.001 -19"><span class='ocrx_word' id='word_1_215' title='bbox 348 2007 494 2036; x_wconf 90' lang='lat' dir='ltr'>omnes</span> <span class='ocrx_word' id='word_1_216' title='bbox 525 1991 588 2037; x_wconf 88' lang='lat' dir='ltr'>illi</span> <span class='ocrx_word' id='word_1_217' title='bbox 609 1992 748 2054; x_wconf 86' lang='lat' dir='ltr'>iniqui</span> <span class='ocrx_word' id='word_1_218' title='bbox 771 1991 1010 2038; x_wconf 88' lang='lat' dir='ltr'>Ecclesiam</span> <span class='ocrx_word' id='word_1_219' title='bbox 1028 2008 1115 2037; x_wconf 92' lang='lat' dir='ltr'>non</span> <span class='ocrx_word' id='word_1_220' title='bbox 1142 2001 1316 2044; x_wconf 81' lang='lat' dir='ltr'>tenent,</span> <span class='ocrx_word' id='word_1_221' title='bbox 1344 1990 1419 2053; x_wconf 92' lang='lat' dir='ltr'>qui</span> <span class='ocrx_word' id='word_1_222' title='bbox 1452 2000 1589 2034; x_wconf 89' lang='lat' dir='ltr'>tamen</span> <span class='ocrx_word' id='word_1_223' title='bbox 1608 1989 1725 2034; x_wconf 89' lang='lat' dir='ltr'>intus</span> 
     </span>
     <span class='ocr_line' id='line_1_27' title="bbox 349 2058 1725 2124; baseline -0.002 -19"><span class='ocrx_word' id='word_1_224' title='bbox 349 2059 554 2106; x_wconf 87' lang='lat' dir='ltr'>videntur</span> <span class='ocrx_word' id='word_1_225' title='bbox 576 2071 616 2106; x_wconf 89' lang='lat' dir='ltr'>et</span> <span class='ocrx_word' id='word_1_226' title='bbox 634 2061 905 2124; x_wconf 85' lang='lat' dir='ltr'>baptismum</span> <span class='ocrx_word' id='word_1_227' title='bbox 931 2061 1032 2106; x_wconf 92' lang='lat' dir='ltr'>dare</span> <span class='ocrx_word' id='word_1_228' title='bbox 1048 2098 1058 2117; x_wconf 85' lang='lat'>‚</span> <span class='ocrx_word' id='word_1_229' title='bbox 1086 2071 1127 2105; x_wconf 92' lang='lat' dir='ltr'>et</span> <span class='ocrx_word' id='word_1_230' title='bbox 1146 2060 1310 2105; x_wconf 84' lang='lat' dir='ltr'>habere</span> <span class='ocrx_word' id='word_1_231' title='bbox 1339 2077 1361 2104; x_wconf 92' lang='lat' dir='ltr'>a</span> <span class='ocrx_word' id='word_1_232' title='bbox 1389 2058 1509 2104; x_wconf 88' lang='lat' dir='ltr'>nullo</span> <span class='ocrx_word' id='word_1_233' title='bbox 1529 2067 1725 2103; x_wconf 86' lang='lat' dir='ltr'>nostrum</span> 
     </span>
     <span class='ocr_line' id='line_1_28' title="bbox 350 2126 1727 2195; baseline -0.002 -20"><span class='ocrx_word' id='word_1_234' title='bbox 350 2141 578 2191; x_wconf 90' lang='lat' dir='ltr'>negantur.</span> <span class='ocrx_word' id='word_1_235' title='bbox 613 2131 725 2177; x_wconf 85' lang='lat' dir='ltr'>Nam</span> <span class='ocrx_word' id='word_1_236' title='bbox 749 2148 820 2176; x_wconf 93' lang='lat' dir='ltr'>eos</span> <span class='ocrx_word' id='word_1_237' title='bbox 841 2131 1080 2195; x_wconf 89' lang='lat' dir='ltr'>primatum</span> <span class='ocrx_word' id='word_1_238' title='bbox 1105 2130 1152 2175; x_wconf 90' lang='lat' dir='ltr'>in</span> <span class='ocrx_word' id='word_1_239' title='bbox 1171 2129 1328 2175; x_wconf 83' lang='lat' dir='ltr'>divinis</span> <span class='ocrx_word' id='word_1_240' title='bbox 1347 2127 1512 2174; x_wconf 86' lang='lat' dir='ltr'>habere</span> <span class='ocrx_word' id='word_1_241' title='bbox 1540 2127 1636 2190; x_wconf 89' lang='lat' dir='ltr'>quis</span> <span class='ocrx_word' id='word_1_242' title='bbox 1655 2126 1727 2172; x_wconf 85' lang='lat' dir='ltr'>di·-</span> 
     </span>
     <span class='ocr_line' id='line_1_29' title="bbox 351 2200 1188 2266; baseline -0.001 -20"><span class='ocrx_word' id='word_1_243' title='bbox 351 2211 421 2246; x_wconf 89' lang='lat' dir='ltr'>cat</span> <span class='ocrx_word' id='word_1_244' title='bbox 440 2237 450 2256; x_wconf 90' lang='lat'><strong>,</strong></span> <span class='ocrx_word' id='word_1_245' title='bbox 478 2201 559 2247; x_wconf 86' lang='lat' dir='ltr'>nisi</span> <span class='ocrx_word' id='word_1_246' title='bbox 583 2201 660 2266; x_wconf 90' lang='lat' dir='ltr'>qui</span> <span class='ocrx_word' id='word_1_247' title='bbox 689 2201 803 2247; x_wconf 89' lang='lat' dir='ltr'>nihil</span> <span class='ocrx_word' id='word_1_248' title='bbox 827 2201 1025 2248; x_wconf 86' lang='lat' dir='ltr'>divinum</span> <span class='ocrx_word' id='word_1_249' title='bbox 1045 2200 1188 2263; x_wconf 73' lang='lat' dir='ltr'>sapit?</span> 
     </span>
    </p>

    <p class='ocr_par' dir='ltr' id='par_1_4' title="bbox 354 2265 1729 2478">
     <span class='ocr_line' id='line_1_30' title="bbox 416 2265 1728 2334; baseline -0.005 -17"><span class='ocrx_word' id='word_1_250' title='bbox 416 2272 561 2318; x_wconf 83' lang='lat' dir='ltr'><strong>XXII.</strong></span> <span class='ocrx_word' id='word_1_251' title='bbox 595 2271 681 2317; x_wconf 84' lang='lat' dir='ltr'>Sed</span> <span class='ocrx_word' id='word_1_252' title='bbox 697 2275 789 2332; x_wconf 86' lang='lat' dir='ltr'>jam</span> <span class='ocrx_word' id='word_1_253' title='bbox 813 2271 869 2318; x_wconf 88' lang='lat' dir='ltr'>ad</span> <span class='ocrx_word' id='word_1_254' title='bbox 887 2271 962 2319; x_wconf 86' lang='lat' dir='ltr'>illa</span> <span class='ocrx_word' id='word_1_255' title='bbox 984 2270 1153 2334; x_wconf 90' lang='lat' dir='ltr'>eloquia</span> <span class='ocrx_word' id='word_1_256' title='bbox 1177 2268 1364 2333; x_wconf 85' lang='lat' dir='ltr'>pacifica</span> <span class='ocrx_word' id='word_1_257' title='bbox 1382 2265 1619 2332; x_wconf 81' lang='lat' dir='ltr'>Cypriani,</span> <span class='ocrx_word' id='word_1_258' title='bbox 1641 2266 1728 2312; x_wconf 88' lang='lat' dir='ltr'>hoc</span> 
     </span>
     <span class='ocr_line' id='line_1_31' title="bbox 359 2337 1729 2404; baseline -0.004 -17"><span class='ocrx_word' id='word_1_259' title='bbox 359 2352 438 2398; x_wconf 86' lang='lat' dir='ltr'>est,</span> <span class='ocrx_word' id='word_1_260' title='bbox 464 2341 517 2387; x_wconf 90' lang='lat' dir='ltr'>ad</span> <span class='ocrx_word' id='word_1_261' title='bbox 533 2342 743 2404; x_wconf 84' lang='lat' dir='ltr'>Epistolae</span> <span class='ocrx_word' id='word_1_262' title='bbox 761 2344 891 2389; x_wconf 92' lang='lat' dir='ltr'>finem</span> <span class='ocrx_word' id='word_1_263' title='bbox 910 2342 1113 2388; x_wconf 84' lang='lat' dir='ltr'>omnibus</span> <span class='ocrx_word' id='word_1_264' title='bbox 1127 2339 1409 2387; x_wconf 89' lang='lat' dir='ltr'>consideratis</span> <span class='ocrx_word' id='word_1_265' title='bbox 1428 2337 1729 2402; x_wconf 86' lang='lat' dir='ltr'>pertractatis-</span> 
     </span>
     <span class='ocr_line' id='line_1_32' title="bbox 354 2412 1729 2478; baseline -0.003 -21"><span class='ocrx_word' id='word_1_266' title='bbox 354 2427 438 2475; x_wconf 89' lang='lat' dir='ltr'>que</span> <span class='ocrx_word' id='word_1_267' title='bbox 463 2422 721 2475; x_wconf 81' lang='lat' dir='ltr'>perventum</span> <span class='ocrx_word' id='word_1_268' title='bbox 736 2424 824 2471; x_wconf 81' lang='lat' dir='ltr'>est,</span> <span class='ocrx_word' id='word_1_269' title='bbox 844 2431 944 2478; x_wconf 85' lang='lat' dir='ltr'>quae</span> <span class='ocrx_word' id='word_1_270' title='bbox 962 2430 1030 2459; x_wconf 91' lang='grc'>1116</span> <span class='ocrx_word' id='word_1_271' title='bbox 1044 2412 1255 2473; x_wconf 90' lang='lat' dir='ltr'>legentem</span> <span class='ocrx_word' id='word_1_272' title='bbox 1276 2420 1317 2455; x_wconf 89' lang='lat' dir='ltr'>et</span> <span class='ocrx_word' id='word_1_273' title='bbox 1334 2426 1449 2473; x_wconf 85' lang='lat' dir='ltr'>saepe</span> <span class='ocrx_word' id='word_1_274' title='bbox 1467 2418 1729 2472; x_wconf 89' lang='lat' dir='ltr'>repetentem</span> 
     </span>
    </p>
   </div>
   <div class='ocr_carea' id='block_1_3' title="bbox 352 2497 1731 2598">
    <p class='ocr_par' dir='ltr' id='par_1_5' title="bbox 352 2497 1731 2598">
     <span class='ocr_line' id='line_1_33' title="bbox 402 2497 1731 2548; baseline -0.001 -14"><span class='ocrx_word' id='word_1_275' title='bbox 402 2502 582 2545; x_wconf 79' lang='lat' dir='ltr'>¹Cypriau.</span> <span class='ocrx_word' id='word_1_276' title='bbox 609 2503 641 2536; x_wconf 88' lang='lat' dir='ltr'>in</span> <span class='ocrx_word' id='word_1_277' title='bbox 666 2503 756 2548; x_wconf 88' lang='lat' dir='ltr'>epist.</span> <span class='ocrx_word' id='word_1_278' title='bbox 788 2508 844 2544; x_wconf 81' lang='lat'>73.</span> <span class='ocrx_word' id='word_1_279' title='bbox 871 2504 910 2537; x_wconf 85' lang='lat' dir='ltr'>ad</span> <span class='ocrx_word' id='word_1_280' title='bbox 936 2503 1142 2545; x_wconf 48' lang='lat' dir='ltr'>Jubaiangym.</span> <span class='ocrx_word' id='word_1_281' title='bbox 1159 2518 1204 2528; x_wconf 87' lang='lat'>—-</span> <span class='ocrx_word' id='word_1_282' title='bbox 1228 2501 1243 2524; x_wconf 80' lang='lat'><strong>²</strong></span> <span class='ocrx_word' id='word_1_283' title='bbox 1260 2500 1377 2546; x_wconf 84' lang='lat' dir='ltr'>Ephes.</span> <span class='ocrx_word' id='word_1_284' title='bbox 1403 2513 1431 2536; x_wconf 84' lang='lat' dir='ltr'>v.</span> <span class='ocrx_word' id='word_1_285' title='bbox 1453 2513 1508 2542; x_wconf 85' lang='lat'>27.</span> <span class='ocrx_word' id='word_1_286' title='bbox 1532 2519 1574 2526; x_wconf 96' lang='lat'>—</span> <span class='ocrx_word' id='word_1_287' title='bbox 1607 2497 1622 2523; x_wconf 77' lang='grc'><strong>3</strong></span> <span class='ocrx_word' id='word_1_288' title='bbox 1647 2502 1731 2533; x_wconf 88' lang='lat' dir='ltr'>Gen.</span> 
     </span>
     <span class='ocr_line' id='line_1_34' title="bbox 352 2557 506 2598; baseline -0.006 -10"><span class='ocrx_word' id='word_1_289' title='bbox 352 2566 430 2598; x_wconf 72' lang='lat' dir='ltr'>xxv,</span> <span class='ocrx_word' id='word_1_290' title='bbox 453 2557 506 2587; x_wconf 83' lang='lat'>33.</span> 
     </span>
    </p>
   </div>
  </div>
 </body>
</html>
