1894 3154
320 286 373 315 DE
412 285 631 314 BAPTISMO
668 285 842 314 coa-rm
879 284 1169 326 noxarrsras,
1207 287 1292 319 mn.
1335 290 1364 320 1.
1440 277 1532 332 243

170 359 282 396 mate
305 351 611 414 baptizarunt,
637 359 771 394 totam
788 349 912 395 istam
932 349 1057 396 solvit
1074 352 1383 413 quaestionem,
1400 365 1537 402 totam

171 421 489 466 contentionem
530 419 723 465 abstulit.
769 420 893 466 'Nihil
925 421 1102 466 omnino
1132 421 1244 467 inter
1276 441 1355 469 nos
1394 436 1435 470 ct
1469 442 1540 471 eos

170 490 419 536 Donatistas
444 489 520 552 qui
543 489 763 535 Primiano
790 491 1118 537 communicant
1142 491 1401 556 dereliquit,
1426 495 1542 541 unde

170 560 395 606 dubitetur
414 598 424 615 ,
451 577 541 606 non
561 560 698 605 solum
722 560 901 617 haberi,
929 561 1002 607 sed
1021 562 1150 607 etiam
1172 563 1267 609 dari
1287 582 1412 627 posse
1426 566 1544 629 bap-

172 630 349 676 tismum
373 631 539 677 Christi
567 631 622 675 ab
649 631 707 675 eis
729 631 806 694 qui
831 632 887 677 ab
910 632 1102 678 Ecclesia
1127 645 1396 696 separantur.
1423 635 1548 681 Sicut

173 701 287 747 enim
313 701 397 764 ipsi
422 719 492 746 eos
513 718 623 765 quos
661 702 899 748 Felicianus
932 703 977 748 in
1017 703 1250 750 schismate
1277 705 1547 769 baptizavit,

171 787 321 817 verum
360 771 627 835 baptismum
661 772 874 835 accepisse
907 771 1031 818 fateri
1067 785 1283 833 coguntur
1303 812 1313 831 ‚
1356 776 1459 838 quia
1482 792 1552 821 eos

174 856 319 886 secum
339 857 456 886 nunc
480 840 647 886 habent
669 841 713 885 in
736 841 830 904 ipso
858 842 1080 904 baptismo
1104 860 1232 906 quem
1255 844 1299 890 in
1323 845 1553 890 schismate

174 921 486 973 perceperunt:
503 910 564 956 sic
577 927 654 955 nos
666 910 851 956 dicimus
861 912 1130 974 baptismum
1146 913 1312 959 Christi
1324 931 1412 959 esse
1424 915 1555 960 etiam

174 991 291 1031 extra
305 980 657 1026 communionem
673 980 958 1037 catholicam,
978 999 1107 1044 quem
1127 982 1233 1029 dant
1249 983 1311 1029 illi
1325 984 1400 1047 qui
1415 984 1471 1029 ab
1489 1001 1557 1030 ea-

173 1049 270 1099 dem
289 1051 601 1096 communione
623 1050 795 1112 praecisi
821 1062 947 1106 sunt,
969 1052 1072 1115 quia
1095 1069 1193 1098 eum
1215 1070 1315 1099 cum
1339 1054 1560 1117 praecide-

174 1131 324 1166 rentur
342 1138 431 1166 non
457 1121 706 1167 amiserunt.
741 1122 794 1166 Et
820 1122 940 1184 quod
969 1122 1053 1185 ipsi
1083 1140 1125 1168 se
1147 1135 1307 1185 putant
1325 1124 1558 1170 contulisse

174 1190 285 1247 illis,
312 1208 421 1254 quos
446 1189 687 1235 Felicianus
720 1190 764 1235 in
793 1191 1024 1236 schismate
1061 1192 1328 1255 baptizavit,
1362 1211 1460 1239 cum
1489 1211 1558 1239 eos

178 1260 262 1305 sibi
287 1260 700 1313 reconciliaverunt3
718 1260 764 1305 id
782 1271 842 1305 est
861 1297 871 1316 ‚
897 1278 984 1306 non
1006 1272 1054 1306 ut
1072 1263 1320 1325 acciperent
1335 1264 1453 1327 quod
1470 1281 1559 1309 non

178 1328 430 1387 habebant,
462 1328 534 1374 sed
565 1339 612 1374 ut
640 1329 863 1391 prodesset
885 1331 943 1376 eis
965 1330 1084 1393 quod
1110 1331 1324 1378 inutiliter
1342 1335 1386 1378 in
1415 1333 1559 1379 schis-

178 1410 292 1445 mate
312 1409 571 1463 acceperant
587 1409 628 1445 et
646 1399 873 1446 habebant
897 1419 907 1445 ε
936 1401 1022 1447 hoc
1045 1419 1142 1447 vere
1166 1401 1336 1448 confert
1358 1413 1400 1449 et
1418 1421 1558 1467 praes-

181 1479 240 1514 tat
264 1470 377 1514 Deus
401 1487 480 1532 per
504 1469 854 1515 communionem
881 1470 1145 1517 catholicam
1173 1472 1258 1518 illis
1278 1473 1356 1536 qui
1378 1474 1558 1520 veniunt

179 1539 234 1584 ab
256 1539 399 1602 aliqua
422 1539 577 1584 haeresi
608 1539 673 1584 vel
700 1539 954 1595 schismate,
983 1541 1059 1586 ubi
1085 1541 1358 1604 baptismum
1391 1543 1557 1589 Christi

179 1620 440 1672 acceperunt
462 1627 472 1653 :
500 1609 545 1654 id
572 1619 660 1664 est,
688 1627 776 1654 non
802 1620 850 1655 ut
871 1610 1079 1673 baptismi
1108 1627 1425 1661 sacramentum
1449 1613 1556 1660 inci-

179 1679 303 1742 piant
337 1679 500 1724 habere
539 1678 656 1742 quod
690 1697 776 1724 non
809 1680 1062 1737 habebant,
1105 1681 1178 1727 sed
1212 1693 1258 1728 ut
1289 1683 1470 1746 incipiat
1496 1685 1555 1730 eis

178 1749 380 1813 prodesse
398 1750 517 1812 quod
539 1749 779 1796 habebant.

243 1820 366 1866 VIII.
410 1823 689 1882 Quapropter
723 1819 836 1865 inter
866 1837 943 1865 nos
970 1831 1011 1866 et
1044 1821 1159 1883 ipsos
1194 1821 1384 1884 quodam
1423 1823 1555 1869 modo

179 1889 418 1936 cardinales
439 1890 685 1934 Donatistas
702 1927 712 1945 ,
745 1907 932 1953 quorum
959 1892 1189 1954 episcopus
1217 1892 1336 1955 apud
1364 1894 1556 1940 Cartha--

179 1962 318 2020 ginem
339 1961 584 2007 Primianus
609 1971 671 2005 cst
689 1998 699 2010 ,
719 1965 808 2020 jam
832 1961 885 2006 de
905 1961 989 2007 hac
1010 1980 1054 2007 re
1073 1962 1191 2008 nulla
1210 1974 1271 2008 est
1298 1975 1554 2010 coutrover-

179 2031 253 2077 sia.
280 2031 426 2076 Voluit
445 2031 557 2075 euim
585 2031 698 2076 Deus
728 2048 805 2093 per
840 2031 1173 2078 Maximianistas
1205 2051 1297 2080 eam
1327 2035 1469 2090 finiri,
1506 2046 1555 2081 ut

180 2101 297 2164 quod
318 2101 528 2146 charitate
559 2100 765 2146 suadente
794 2100 1029 2156 nolebant,
1057 2102 1252 2165 exemplo
1280 2120 1357 2148 suo
1378 2115 1555 2164 cogente

178 2171 408 2217 fateantur.
441 2169 523 2215 Sed
548 2169 694 2216 adhuc
717 2181 943 2234 propterea
970 2171 1071 2216 inde
1097 2171 1396 2235 disputamus,
1420 2192 1473 2220 ne
1489 2174 1555 2221 illi

180 2241 263 2286 sibi
281 2241 507 2286 videantur
528 2240 848 2303 aliquiddicere
863 2278 874 2297 ,
898 2241 974 2303 qui
993 2258 1072 2286 nec
1097 2242 1186 2287 istis
1204 2245 1548 2301 communicant,

182 2313 258 2375 qui
286 2311 399 2375 apud
426 2328 467 2356 se
492 2310 663 2373 potius,
688 2322 854 2375 quanto
878 2312 1107 2373 pauciores
1125 2348 1137 2367 ‚
1163 2323 1281 2358 tanto
1301 2314 1549 2361 sinceriores

180 2383 427 2427 Donatistae,
450 2381 696 2426 remansisse
721 2381 1008 2427 contendunt.
1043 2381 1132 2437 Qui
1161 2383 1195 2428 si
1229 2385 1554 2434 Maximianistae

182 2452 258 2498 soli
278 2461 437 2508 essent,
466 2469 544 2497 nec
561 2453 755 2515 ipsorum
781 2451 963 2496 salutem
986 2462 1259 2499 contemnere
1276 2454 1543 2506 deberemus,

183 2524 358 2579 Quanto
376 2539 475 2581 ergo
503 2522 636 2581 magis
654 2522 754 2584 quia
784 2520 928 2566 cadem
952 2539 1050 2584 pars
1070 2524 1230 2569 Donati
1255 2525 1299 2573 in
1318 2527 1453 2573 multa
1475 2528 1552 2573 mi-

183 2593 406 2639 nutissima
428 2592 562 2638 frusta
586 2592 757 2638 concisa
787 2602 874 2648 est,
911 2609 1010 2655 quae
1036 2611 1182 2642 omnes
1209 2596 1391 2644 minutae
1410 2598 1552 2660 parti—

1355 2674 1424 2718 16.
