1894 3154
320 263 375 293 DE
412 261 630 293 BAP’risMo
666 260 840 292 CONTRA
873 261 1163 304 DONATISTAS,
1202 265 1290 296 Llss.
1332 268 1392 297 vi.
1466 254 1560 308 405

193 328 409 392 Spiritum
442 337 637 373 sanctum
657 364 667 380 ‚
710 344 789 372 nec
813 326 1037 389 baptizare
1077 330 1329 391 spiritaliter
1351 345 1549 396 possunt.

191 403 427 462 Propterea
450 414 669 449 censemus
692 397 922 441 haereticos
946 397 1176 459 baptizari.
1203 421 1222 440 υ

255 470 372 515 ΧΠ.
406 467 668 531 Huicprope
692 467 869 512 totidem
890 467 1034 513 verbis
1052 468 1109 512 ita
1126 471 1374 532 responderi
1392 485 1559 536 potest:

192 538 435 585 Homicidis
460 548 535 583 aut
568 537 681 583 nihil
713 537 843 593 licet,
885 547 959 583 aut
997 549 1135 583 totum
1166 539 1280 588 licet.
1321 543 1365 587 Si
1383 557 1565 606 possunt

192 609 433 672 baptizare,
461 619 643 672 possunt
666 619 707 653 et
735 609 949 671 Spiritum
984 620 1181 655 sanctum
1210 610 1311 657 dare
1335 630 1345 657 :
1368 613 1399 658 si
1423 625 1567 661 autem

192 680 404 743 Spiritum
428 690 625 724 sanctum
651 679 754 724 dare
778 696 865 724 non
899 691 1107 742 possunt,
1147 683 1251 744 quia
1288 700 1376 728 non
1400 683 1567 731 habent

195 750 406 813 Spiritum
431 760 629 795 sanctum
650 786 661 805 ‚
707 766 786 795 nec
823 750 1046 813 baptizare
1082 751 1330 814 spiritaliter
1364 767 1579 817 possunt.·

193 822 430 882 Propterea
453 837 675 865 censemus
695 821 750 865 ab
768 820 1002 866 homicidis
1028 820 1291 884 baptizatos,
1319 823 1384 869 vel
1416 825 1567 871 homi—

195 891 314 935 cidas
344 890 585 953 baptizatos
616 901 743 953 atque
776 890 822 935 in
847 890 998 935 melius
1035 908 1122 935 non
1150 903 1336 938 mutatos
1357 931 1368 949 ‚
1398 911 1499 940 cum
1527 914 1569 941 se

195 961 471 1011 correxerint,
493 960 722 1023 baptizari.
753 962 809 1006 At
832 961 917 1006 hoc
935 978 1022 1005 non
1045 971 1107 1006 est
1124 979 1287 1009 verum.
1312 983 1332 1004 c<
1352 965 1440 1020 Qui
1455 966 1571 1011 enim

196 1051 216 1074 ι)
237 1031 329 1076 odit
349 1031 526 1076 fratrem
540 1048 663 1076 suum
676 1031 899 1076 homicida
923 1042 985 1076 est
1008 1030 1072 1078 1.»
1098 1033 1154 1078 Et
1173 1032 1276 1078 tales
1299 1045 1480 1080 noverat
1499 1036 1567 1081 in-

200 1112 263 1148 tus
289 1103 555 1165 Cyprianus,
574 1103 648 1165 qui
671 1103 819 1165 utique
843 1103 1146 1165 baptizabant.
1177 1108 1354 1151 Frustra
1370 1123 1469 1167 ergo
1488 1107 1572 1153 alia

197 1176 250 1221 de
267 1175 542 1239 baptizandis
557 1175 774 1221 haereticis
800 1175 916 1221 dicta
940 1186 1052 1222 sunt.

263 1247 403 1291 XLII.
431 1247 692 1291 Fortunatus
714 1264 736 1291 a
760 1246 1044 1292 Thuccabori
1063 1247 1171 1292 dixit
1193 1265 1202 1292 :
1227 1248 1350 1295 Jesus
1372 1250 1573 1296 Christus

200 1315 415 1360 Dominus
439 1326 480 1359 et
502 1319 619 1360 Deus
652 1326 813 1367 noster,
846 1316 924 1361 Dei
945 1318 1087 1368 Patris
1109 1328 1150 1363 et
1183 1321 1387 1365 creatoris
1412 1321 1571 1377 Filius,

201 1402 330 1448 super
349 1395 515 1448 petram
538 1385 774 1430 aedificavit
797 1385 1051 1443 Ecclesiam,
1080 1405 1167 1433 non
1186 1406 1316 1452 super
1336 1390 1539 1436 haeresim
1561 1409 1571 1435 :

200 1468 241 1501 et
266 1467 522 1520 potestatem
546 1456 803 1519 baptizandi
823 1457 1039 1521 episcopis
1062 1459 1209 1514 dedit,
1233 1478 1321 1506 non
1340 1461 1569 1508 haereticis.

202 1527 347 1583 Quare
366 1528 442 1590 qui
459 1538 575 1572 extra
590 1528 826 1573 Ecclesiam
854 1539 971 1585 sunt,
991 1540 1032 1574 et
1050 1541 1200 1576 contra
1222 1531 1444 1577 Christum
1464 1544 1577 1578 stan-

203 1608 262 1642 tes
279 1635 289 1653 ‚
332 1614 430 1642 oves
453 1602 543 1657 ejus
577 1608 617 1642 et
649 1615 816 1657 gregem
841 1610 1080 1661 spargunt,
1108 1601 1332 1664 baptizare
1357 1603 1459 1648 foris
1491 1621 1578 1648 non

203 1679 400 1730 possunt.

267 1739 431 1784 XLIII.
463 1738 531 1783 Ad
552 1739 638 1784 hoc
658 1739 855 1795 addidit,
884 1761 903 1781 α
931 1742 1076 1798 Foris,
1107 1764 1127 1783 >2
1149 1753 1197 1787 ut
1225 1744 1263 1788 ei
1282 1747 1372 1803 jam
1392 1744 1580 1790 breviter

204 1809 452 1873 responderi
479 1827 569 1855 non
594 1811 742 1872 possit.
773 1812 883 1856 Nam
900 1821 941 1856 et
964 1811 1071 1857 huic
1098 1813 1277 1858 totidem
1301 1831 1412 1877 pene
1440 1815 1582 1860 verbis

204 1881 262 1925 ita
287 1880 621 1942 responderetur
645 1899 654 1925 :
680 1882 801 1926 Jesus
827 1882 1029 1928 Christus
1053 1884 1266 1929 Dominus
1287 1895 1329 1929 et
1350 1887 1465 1930 Deus
1485 1903 1582 1930 nos-

205 1961 285 2006 ter,
316 1951 394 1995 Dei
415 1951 562 1996 Patris
586 1962 627 1996 et
648 1952 850 1996 creatoris
872 1952 1021 2008 Filius,
1049 1970 1179 2016 super
1196 1965 1362 2018 petram
1388 1955 1585 2001 aedifica-

204 2021 267 2066 vit
287 2020 543 2076 Ecclesiam,
569 2039 656 2066 non
673 2039 802 2084 super
821 2022 1093 2085 iniquitatem
1114 2042 1124 2068 ε
1144 2035 1185 2069 et
1203 2035 1460 2087 potestatem
1473 2027 1584 2089 bap-

206 2091 370 2136 tizandi
401 2092 616 2155 episeopis
657 2093 807 2148 dedit,
850 2110 938 2138 non
973 2094 1148 2157 iniquis.
1196 2096 1341 2151 Quare
1376 2097 1450 2159 qui
1497 2114 1587 2142 non

206 2161 426 2224 pertinent
450 2162 503 2206 ad
528 2174 696 2224 petram
718 2201 729 2219 ,
767 2180 897 2226 super
917 2180 1050 2226 quam
1088 2164 1311 2210 aedificant
1339 2167 1417 2229 qui
1454 2167 1587 2213 verba

208 2235 288 2279 Dei
311 2235 495 2280 audiunt
511 2247 552 2280 et
577 2236 764 2292 faciunt,
782 2236 854 2282 sed
880 2247 1032 2282 contra
1054 2238 1281 2283 Christum
1301 2239 1492 2285 viventes
1510 2257 1586 2286 au-

210 2304 369 2351 diendo
387 2306 520 2351 verba
538 2310 572 2366 ej
582 2323 628 2351 us
649 2318 690 2352 et
711 2325 799 2353 non
820 2306 1039 2362 faciendo,
1071 2325 1119 2353 ac
1140 2326 1218 2371 per
1235 2309 1322 2354 hoc
1343 2326 1471 2372 super
1492 2328 1588 2355 are-

209 2393 309 2419 nam
332 2375 608 2432 eedificando,
628 2395 725 2422 oves
749 2382 838 2437 ejus
865 2388 905 2421 et
930 2395 1100 2438 gregem
1120 2378 1391 2442 perditorum
1415 2397 1589 2426 morum

210 2446 406 2507 exemplo
425 2460 732 2510 corrumpunt,
761 2448 985 2510 baptizare
1020 2466 1108 2494 non
1130 2460 1328 2513 possunt.
1362 2451 1592 2515 Numquid

212 2531 302 2559 non
326 2527 466 2578 posset
494 2517 579 2563 hoc
615 2517 901 2564 verisimiliter
932 2518 1046 2573 dici3
1074 2529 1116 2565 et
1150 2530 1296 2566 tamen
1332 2518 1489 2567 falsum
1519 2531 1595 2567 est.

262 2597 271 2617 ¹
294 2608 305 2626 1
328 2599 483 2637 Joan.1u‚
507 2601 558 2631 15.
