1894 3154
290 219 382 265 2288
708 230 742 259 s,
786 229 1029 260 Aucusrim
1065 229 1267 260 Episcopi

286 296 529 343 versitatem
552 293 744 339 similiter
774 295 1006 353 agebatur-3
1031 304 1073 339 et
1096 297 1220 353 cujus
1239 292 1560 339 universitatem
1581 309 1663 338 ne-

291 383 376 429 que
393 365 659 428 Agrippinus
681 364 883 420 deseruit,
906 381 1042 428 neque
1057 365 1323 427 Cyprianus,
1351 381 1490 426 neque
1511 363 1572 409 illi
1587 363 1663 426 qui

287 439 346 482 eis
366 445 688 489 consenserant,
725 436 923 497 quamvis
961 435 1081 480 aliter
1115 450 1245 496 quam
1277 434 1422 479 caeteri
1443 443 1656 495 saperent,

288 507 362 553 sed
385 523 487 551 cum
506 506 564 550 eis
602 506 706 568 ipsis
726 523 749 550 a
772 506 932 567 quibus
957 505 1125 550 diversa
1157 515 1407 560 senserunt,
1444 505 1487 548 in
1513 503 1664 548 eadem

296 575 472 621 unitatis
496 575 802 619 communione
824 584 1086 619 manserunt.
1113 573 1202 635 Ipsi
1225 583 1366 617 autem
1402 572 1672 617 considerent

295 645 373 690 ubi
397 645 498 698 sint,
522 643 599 704 qui
625 659 765 705 neque
789 643 903 688 unde
926 643 1156 705 propagati
1179 652 1280 687 sunt
1305 652 1486 705 possunt
1510 641 1668 693 dicere,

297 714 331 758 si
351 717 440 771 jam
461 722 566 756 tunc
589 712 824 757 Ecclesiam
850 713 1012 775 recepti
1047 713 1137 757 sine
1176 711 1395 774 baptismo
1418 711 1612 756 haeretici
1632 719 1674 754 et

297 781 562 827 schismatici
607 782 924 826 communionis
970 782 1224 841 contagione
1267 781 1573 844 perdiderant:
1600 796 1673 824 ne-

300 868 382 913 que
408 851 490 914 ipsi
515 852 737 914 (Ly-priano
762 851 1062 903 consentiunt3
1087 851 1158 895 ille
1180 852 1292 896 enim
1317 867 1416 896 cum
1435 849 1674 912 receptori-

301 921 384 966 bus
406 920 714 965 haereticorum
747 931 786 966 ct
821 921 1212 975 schismaticorum,
1254 937 1303 965 ac
1337 937 1415 983 per
1442 919 1528 964 hoc
1544 918 1674 963 etiam

301 1006 402 1035 cum
422 990 524 1052 ipsis
547 990 729 1052 receptis
743 1007 914 1035 manere
929 1007 969 1035 se
986 991 1028 1035 in
1044 990 1347 1035 communione
1360 988 1576 1052 professus
1588 997 1671 1039 est;

301 1061 369 1106 isti
388 1071 531 1105 autem
553 1071 733 1123 propter
750 1078 906 1105 nomen
928 1060 1186 1106 traditorum
1209 1077 1318 1124 quos
1331 1060 1375 1104 in
1397 1059 1541 1105 Africa
1561 1058 1677 1103 infa-

300 1140 548 1184 maverunt,
574 1140 615 1174 et
636 1130 682 1174 in
702 1130 987 1175 transmarino
1009 1130 1177 1190 judicio
1196 1147 1285 1174 non
1309 1130 1607 1183 convicerunt,
1635 1144 1676 1173 se

303 1199 358 1244 ab
377 1199 493 1243 orbis
519 1209 728 1243 terrarum
755 1200 1061 1244 communione
1080 1209 1362 1262 separarunt:
1388 1216 1488 1245 cum
1512 1198 1678 1244 etiamsi

297 1285 398 1314 vera
422 1268 604 1313 crimina
627 1268 880 1326 objicerent,
911 1269 1046 1314 multo
1060 1270 1145 1314 sint
1169 1273 1330 1328 majora
1350 1269 1508 1314 scelera
1529 1269 1675 1314 haere-

305 1354 398 1383 sum
422 1347 464 1382 et
479 1337 781 1392 schismatum,
801 1338 915 1383 unde
929 1339 1018 1383 sine
1032 1339 1270 1401 baptismo,
1293 1339 1404 1383 sicut
1421 1339 1512 1401 ipse
1530 1339 1674 1394 sensit,

305 1407 537 1462 venientes,
566 1417 608 1451 et
630 1408 673 1451 in
695 1407 957 1453 catholicam
976 1409 1326 1453 communionem
1354 1425 1440 1453 non
1468 1425 1544 1469 per
1563 1408 1679 1471 bap-

309 1477 484 1521 tismum
507 1476 669 1538 recepti
686 1513 696 1531 ,
736 1494 824 1521 non
862 1488 1099 1540 potuerunt
1123 1478 1342 1523 maculare
1384 1478 1671 1540 Cyprianum.

307 1547 456 1608 Neque
478 1546 522 1590 in
548 1562 596 1590 co
621 1546 715 1608 ipso
739 1547 783 1591 in
817 1564 903 1610 quo
930 1565 971 1593 sc
1005 1548 1158 1593 dicunt
1190 1548 1351 1593 imitari
1384 1548 1675 1611 Cyprianum,

306 1616 533 1662 inveniunt
549 1616 653 1678 quid
671 1617 957 1679 respondeant
976 1618 1028 1664 de
1041 1629 1213 1681 recepto
1228 1619 1444 1681 baptismo
1461 1618 1680 1663 Maximia-

310 1687 537 1741 nistarum,
564 1703 665 1731 cuin
690 1688 765 1743 eis,
786 1705 893 1750 quos
913 1705 959 1733 cx
984 1706 1131 1734 eorum
1154 1706 1351 1744 numero,
1367 1705 1475 1752 quos
1494 1688 1679 1733 concilio

307 1772 383 1802 suo
425 1757 620 1818 plenario
662 1756 911 1813 damnatos,
954 1758 1081 1803 etiam
1121 1769 1386 1803 terrenarum
1416 1767 1680 1820 potestatum

304 1825 473 1884 judicio
497 1837 598 1870 sunt
628 1828 867 1888 persecuti,
900 1827 942 1871 in
976 1844 1098 1872 suam
1123 1829 1472 1872 communionem
1491 1864 1502 1882 ‚
1533 1827 1578 1872 in
1605 1844 1681 1872 eo-

312 1894 410 1938 dem
448 1894 543 1955 ipso
566 1895 819 1956 episcopatu
841 1895 886 1939 in
910 1912 996 1957 quo
1019 1895 1331 1941 damnaverant
1352 1907 1674 1942 revocaverunt.

315 1964 595 2024 Quapropter
617 1963 651 2006 si
686 1964 957 2024 temporibus
984 1965 1194 2026 Cypriani
1220 1965 1416 2027 perdidit
1446 1967 1681 2012 Ecclesiam

314 2032 523 2077 malorum
549 2033 816 2088 communio,
853 2050 941 2078 non
973 2033 1138 2078 habent
1168 2035 1234 2079 isti
1254 2052 1343 2080 sua]
1365 2038 1682 2082 communionis

314 2101 520 2160 originem
544 2119 554 2145 ε
576 2102 610 2146 si
625 2112 768 2147 autem
802 2119 890 2147 non
912 2102 1127 2164 perdidit,
1160 2120 1247 2148 non
1269 2104 1434 2149 habent
1451 2123 1540 2151 suae
1561 2124 1681 2169 prae-

313 2172 485 2216 cisionis
523 2171 711 2233 aliquam
748 2171 1035 2217 defensionem
1064 2190 1074 2216 :
1110 2173 1287 2236 insuper
1324 2192 1403 2220 nec
1438 2176 1681 2240 exemplum

316 2241 526 2303 Cypriani
548 2252 778 2297 sectantes,
801 2241 902 2304 quia
929 2242 1103 2286 unitatis
1125 2243 1349 2288 vinculum
1372 2244 1678 2308 clisruperunt;

314 2327 394 2355 nec
411 2310 553 2372 ipsum
575 2311 827 2367 concilium,
847 2312 949 2373 quia
978 2311 1393 2358 Maximianistarum
1415 2315 1679 2378 baptismum

314 2389 582 2440 receperunt,

379 2449 450 2493 lv.
470 2449 596 2493 Nunc
612 2466 711 2508 ergo
728 2467 802 2495 nos
817 2461 1034 2496 manentes
1052 2451 1096 2496 in
1117 2452 1309 2514 exemplo
1331 2455 1385 2514 C)
1400 2455 1557 2516 priani,
1579 2473 1680 2501 con-

311 2516 547 2562 sideremus
579 2518 709 2563 etiam
744 2519 979 2566 concilium
1007 2521 1106 2583 CH)
1131 2522 1387 2578 1·i;2.11j.‹2uid
1415 2524 1471 2568 ait
1498 2525 1687 2587 Cypria-
