1894 3154
381 268 557 301 CONTRA
591 266 840 300 EPISTOLAM
875 268 1174 310 PARMENIANI,
1213 270 1302 301 Lm.
1345 272 1374 302 1.
1489 255 1575 303 135

266 335 360 382 XV.
402 337 469 381 An
488 333 598 379 forte
621 333 674 379 de
696 333 901 393 religione
922 334 985 379 fas
1005 352 1093 380 non
1117 346 1180 380 est
1204 346 1254 380 ut
1277 336 1397 381 dicat
1425 338 1578 402 Impe-

202 415 320 450 rator
336 441 347 458 ‚
369 403 437 450 vel
459 420 566 464 quos
590 403 751 448 miserit
772 404 1048 466 Imperator?
1073 404 1164 450 Cur
1184 422 1283 465 ergo
1309 405 1364 451 ad
1384 408 1576 469 Impera-

202 486 339 520 torem
360 473 490 520 vestri
511 490 664 519 venere
681 473 809 532 legati
820 476 838 518 ἒ)
870 474 962 518 Cur
981 491 1079 520 eum
1106 474 1300 521 fecerunt
1324 492 1465 521 causae
1489 493 1579 522 suae

196 544 391 604 Judiceln
409 581 419 597 ‚
450 560 537 588 non
555 545 745 588 secuturi
764 543 884 606 quod
904 543 976 589 ille
988 545 1234 604 judicaret?
1254 545 1339 591 Sed
1365 562 1578 609 quorsum

201 614 278 660 ista
297 613 533 660 dicuntur?
558 613 880 676 numquidnam
895 649 908 669 ‚
934 615 1100 660 etiamsi
1123 615 1348 661 obtineant
1370 633 1458 661 non
1481 632 1578 679 per-

201 685 335 730 tinere
353 684 408 729 ad
434 686 747 746 Imperatorem
766 683 968 730 adversus
991 703 1061 731 eos
1081 686 1247 749 aliquid
1270 697 1455 731 statuere
1470 723 1481 743 ‚
1502 686 1582 750 qui

203 771 338 817 prava
360 754 405 799 in
422 753 626 813 religione
641 764 858 799 sectantur
872 791 883 810 ‚
906 766 1137 818 propterea
1160 756 1195 801 si
1211 755 1473 801 interfecerit
1493 772 1582 814 eos,

202 840 309 887 quos
328 824 524 886 punierit
541 834 749 886 martyres
770 827 928 869 erunt?
953 825 1050 870 Hoc
1068 826 1182 870 enim
1199 825 1331 870 modo
1352 825 1431 870 ista
1449 824 1591 870 haere-

201 894 298 939 ticis
319 894 523 939 omnibus
555 911 634 939 Vox
666 895 861 956 patebit,
895 895 940 939 in
973 911 1083 958 quos
1114 912 1161 940 ex
1198 895 1370 941 occulto
1394 895 1580 958 imperio

202 963 307 1019 Dei,
331 980 410 1026 per
428 963 702 1009 manifestum
727 964 956 1009 hominum
993 965 1228 1027 imperium
1258 964 1398 1010 multa
1420 964 1586 1027 quibus

202 1037 506 1080 coercerentur
521 1070 532 1089 ,
552 1033 812 1080 severissime
832 1034 1066 1079 constituta
1086 1045 1208 1091 sunt,
1229 1051 1308 1080 nec
1330 1034 1470 1080 solum
1487 1034 1584 1079 hae-

201 1103 343 1149 reticis
363 1119 540 1181 quoquo
560 1103 690 1149 modo
712 1104 863 1149 saltem
890 1104 1126 1151 christiano
1156 1104 1331 1151 nomine
1351 1104 1582 1161 dealbatis,

205 1173 278 1218 sed
296 1174 423 1218 etiam
446 1173 550 1236 ipsis
568 1174 760 1236 paganis.
787 1175 900 1219 Nam
921 1176 1069 1236 utique
1090 1186 1132 1219 et
1150 1175 1232 1238 ipsi
1251 1175 1357 1220 falsa
1375 1174 1581 1233 religione

204 1254 304 1288 sunt
338 1243 492 1305 impii,
526 1260 717 1307 quorum
753 1244 983 1290 simulacra
1026 1261 1077 1291 ex
1080 1245 1160 1290 erti
1197 1255 1327 1308 atque
1367 1243 1587 1303 confringi

198 1317 315 1373 jussa
344 1324 442 1359 sunt
473 1314 719 1360 recentibus
755 1315 952 1375 legibus,
988 1315 1183 1361 inhibe1i
1214 1316 1343 1361 etiam
1373 1313 1586 1360 saelificia

205 1384 287 1429 sub
312 1394 469 1429 terrore
487 1384 679 1446 capitali.
713 1385 759 1429 Si
781 1385 878 1447 quis
899 1402 998 1445 ergo
1017 1401 1167 1430 eorum
1193 1384 1424 1429 damnatus
1444 1383 1490 1428 in
1508 1382 1586 1429 tali

205 1453 384 1498 crimine
405 1452 536 1498 fuerit
552 1490 562 1509 ,
590 1465 755 1517 martyr
777 1454 1007 1500 habendus
1028 1465 1090 1499 est
1105 1491 1117 1511 ,
1143 1454 1245 1517 quia
1266 1471 1349 1517 pro
1370 1453 1583 1516 supersti-

204 1523 320 1568 tione
336 1540 468 1585 quam
488 1523 609 1586 piam
625 1523 874 1583 religionem
891 1525 1098 1586 putabat,
1119 1540 1273 1587 poenas
1291 1524 1458 1583 legibus
1474 1523 1583 1568 luit?

206 1591 359 1638 Nullus
381 1603 494 1637 certe
514 1609 690 1655 quoquo
708 1593 839 1638 modo
862 1594 1137 1639 Christianus
1157 1593 1288 1638 audet
1309 1593 1397 1638 hoc
1417 1592 1576 1638 dicere.

206 1662 304 1707 Non
320 1678 419 1720 ergo
443 1661 636 1723 quisquis
654 1662 698 1706 in
715 1662 859 1725 aliqua
878 1662 1097 1721 religionis
1117 1661 1356 1725 quaestione
1377 1660 1509 1706 fucrit
1527 1660 1584 1705 ab

205 1733 472 1794 Imperatore
490 1731 671 1793 punitus
683 1769 694 1788 ‚
718 1742 882 1794 martyr
902 1731 1101 1777 efficitur.
1137 1733 1284 1794 Neque
1299 1733 1416 1775 enim
1430 1729 1583 1776 vident

205 1802 282 1864 qui
304 1801 406 1846 talia
429 1802 644 1857 sentiunt,
671 1802 717 1846 in
741 1819 839 1847 eum
864 1802 1011 1847 locum
1047 1819 1089 1847 se
1122 1800 1353 1865 progredi,
1391 1811 1439 1846 ut
1465 1800 1583 1863 ipsos

206 1871 333 1915 etiam
365 1869 581 1915 daemones
616 1881 858 1934 martyrum
892 1871 974 1916 sibi
1008 1871 1191 1931 gloriam
1214 1870 1436 1917 vindicare
1450 1885 1585 1933 posse

206 1939 499 1996 contendant,
544 1941 645 2004 quia
683 1942 807 1987 istam
847 1942 1079 2004 patiuntur
1117 1941 1464 2004 persecutionem
1505 1957 1584 2002 per

208 2013 495 2074 Imperatores
531 2011 791 2057 christianos
816 2049 826 2064 ,
876 2022 925 2057 ut
956 2030 1065 2075 pene
1099 2022 1190 2057 toto
1228 2011 1334 2056 orbe
1373 2021 1588 2056 terrarum

209 2098 360 2127 eorum
383 2081 545 2144 templa
569 2093 814 2128 evertantur
832 2119 843 2138 ‚
870 2082 987 2127 idola
1008 2082 1364 2127 comminuantur
1379 2117 1390 2136 ,
1410 2080 1582 2125 sacrifi-

205 2152 273 2197 cia
301 2151 621 2197 subtrahantur
637 2189 648 2208 ‚
677 2153 752 2215 qui
778 2170 846 2198 eos
868 2152 1114 2207 honorant,
1146 2151 1181 2196 si
1208 2150 1466 2214 deprehensi
1488 2149 1588 2195 fue-

206 2222 316 2277 rint,
343 2222 599 2283 puniantur.
624 2223 755 2278 Quod
776 2223 811 2268 si
831 2222 1201 2267 dementissimum
1221 2231 1283 2266 est
1310 2220 1480 2274 dicere3
1501 2237 1591 2265 non

206 2309 307 2351 ergo
324 2309 371 2337 ex
390 2292 586 2353 passione
605 2303 721 2337 certa
741 2294 909 2353 justitia
928 2329 938 2350 ‚
962 2292 1033 2337 sed
1061 2309 1108 2337 ex
1128 2292 1293 2353 justitia
1327 2292 1471 2355 passio
1492 2290 1590 2350 glo-

207 2362 319 2406 riosa
343 2371 416 2407 est.
452 2361 644 2424 Ideoque
667 2364 903 2415 Dominus,
932 2378 983 2406 ne
1008 2362 1241 2424 quisquam
1264 2361 1309 2406 in
1335 2361 1420 2406 hac
1444 2377 1488 2405 re
1507 2377 1587 2405 ne-

207 2430 332 2475 bulas
353 2430 593 2476 offunderet
611 2431 845 2495 imperitis,
866 2441 908 2476 et
923 2431 969 2475 in
994 2448 1170 2477 suorum
1191 2430 1467 2476 damnatione
1494 2446 1587 2474 me-

206 2500 395 2545 ritorum
411 2499 584 2544 laudem
604 2511 818 2562 quaereret
836 2510 1076 2562 martyrum
1090 2538 1102 2557 ,
1121 2518 1209 2546 non
1227 2499 1479 2560 generaliter
1497 2499 1556 2543 ait
1578 2515 1588 2542 :

205 2568 327 2615 Beati
351 2569 428 2631 qui
447 2570 794 2631 persecutionem
814 2569 1042 2633 patiuntur
1062 2589 1073 2617 :
1100 2571 1174 2617 sed
1197 2569 1367 2617 addidit
1388 2584 1591 2628 magnam
