1894 3154
255 225 345 273 252
675 241 709 271 s.
751 240 995 272 Acccsrixi
1029 242 1230 273 Eriscori

251 306 339 352 hoc
358 304 538 362 dixerit,
566 322 666 352 cum
691 316 732 351 et
756 306 875 366 origo
906 317 947 352 et
970 307 1208 370 pertinacia
1235 307 1476 354 schismatis
1508 307 1627 354 nulla

251 377 304 424 sit
323 377 432 432 alia,
461 377 542 422 nisi
562 375 711 421 odium
741 376 913 421 fratris?

275 493 278 495 .
317 447 458 494 XVII.
490 446 616 491 Hanc
635 445 699 491 illi
717 445 996 509 quaestionem
1017 446 1176 492 solvere
1200 447 1284 493 sibi
1304 447 1508 494 videntur
1525 464 1625 494 cum

252 516 440 564 dicunt:
467 537 487 558 c<
512 516 608 560 Non
639 526 700 561 est
722 532 822 575 ergo
852 516 897 560 in
929 517 1160 562 schismate
1196 518 1386 563 remissio
1418 528 1628 581 peccato-

251 603 350 633 rum
368 624 379 642 ‚
406 596 447 632 et
468 585 565 631 ideo
593 602 671 630 nec
699 586 961 645 regeneratio
986 586 1087 631 novi
1111 586 1300 632 hominis
1319 624 1330 643 ‚
1370 598 1411 633 et
1443 598 1627 650 propte-

250 674 321 703 rea
345 673 423 702 nec
442 656 687 719 baptismus
706 655 885 703 Christi.
911 678 931 697 »
957 658 1045 702 Nos
1063 668 1202 702 autem
1224 657 1325 720 quia
1346 657 1533 703 fatemur
1563 657 1626 703 ibi

250 744 336 772 esse
352 726 620 789 baptismum
640 726 804 771 Christi
823 764 833 779 ‚
855 726 972 772 hanc
994 727 1051 772 eis
1072 727 1353 790 quaestionem
1375 727 1624 773 solvendam

252 797 539 860 proponimus
562 813 572 840 :
595 799 749 855 Magus
769 795 839 841 ille
857 796 1005 841 Simon
1021 833 1031 853 ,
1056 807 1202 842 utrum
1221 813 1320 843 vero
1337 797 1499 842 Christi
1516 797 1626 858 hap-

253 867 421 913 tismate
460 866 620 912 tinctus
655 865 751 913 sitl.
796 866 1172 929 Respondebunt‚
1212 867 1298 921 ita3
1332 866 1434 930 quia
1465 877 1627 911 sanctae

254 936 494 1000 Scripturae
524 936 782 982 auctoritate
808 947 1038 996 coguntur.
1073 938 1235 994 Quaero
1259 954 1359 996 ergo
1392 947 1539 982 utrum
1559 935 1626 981 fa-

254 1016 425 1056 teantur
457 1005 494 1050 ei
527 1005 701 1051 dimissa
739 1009 951 1068 peccata?
977 1006 1177 1052 Profecto
1210 1006 1479 1051 fatebuntur.
1517 1005 1624 1050 Item

252 1093 404 1139 quaero
420 1113 430 1132 ,
455 1092 535 1122 cur
558 1076 597 1121 ei
621 1075 773 1121 dixerit
806 1080 958 1121 Petrus
974 1114 984 1132 ‚
1017 1094 1104 1122 non
1139 1093 1236 1122 eum
1271 1076 1434 1121 habere
1456 1085 1625 1138 partem

252 1147 298 1191 in
320 1157 433 1192 sorte
461 1149 741 1192 sanctorum?
774 1146 912 1202 Quia,
952 1147 1183 1210 inquiunt,
1218 1156 1365 1209 postea
1400 1144 1622 1208 peccavit,

252 1217 439 1279 pecunia
463 1215 607 1262 voleus
630 1233 768 1263 emere
795 1217 966 1263 Donum
994 1217 1099 1273 Dei,
1122 1220 1192 1277 cuj
1202 1234 1247 1263 us
1273 1215 1518 1263 venditores
1540 1231 1627 1260 esse

255 1285 484 1349 Apostolos
503 1286 702 1333 credidit.

317 1355 483 1402 XVIII.
514 1356 633 1411 Quid
654 1357 687 1401 si
708 1356 761 1402 ad
785 1357 928 1421 ipsum
961 1356 1228 1420 baptismum
1257 1358 1384 1402 fictus
1415 1355 1591 1402 accessit
1610 1392 1621 1409 ‚

253 1424 426 1471 dimissa
459 1436 560 1471 sunt
594 1426 631 1471 ei
661 1438 867 1489 peccata,
899 1445 953 1472 an
985 1444 1070 1472 non
1095 1438 1196 1471 sunt
1221 1426 1427 1472 dimissa?
1452 1425 1627 1484 Eligant

251 1494 372 1559 quod
395 1495 576 1552 volunt,
603 1496 860 1542 utrumlibet
883 1497 1110 1556 elegerint,
1139 1496 1295 1542 sufficit
1315 1496 1454 1542 nobis.
1484 1495 1530 1540 Si
1552 1494 1625 1540 di—

252 1566 376 1611 missa
396 1565 577 1611 dixerint
594 1586 605 1620 ;
627 1566 846 1629 quomodo
863 1584 963 1627 ergo
988 1567 1175 1630 Spiritus
1194 1577 1365 1612 sanctus
1381 1564 1626 1627 disciplinae

249 1636 422 1696 effugiet
441 1637 645 1692 fictum2‚
666 1636 699 1682 si
726 1638 769 1681 in
790 1637 872 1682 isto
897 1638 999 1682 sicto
1027 1637 1317 1682 remissionem
1342 1645 1546 1699 operatus
1565 1644 1626 1680 est

251 1709 559 1769 peccatorum?
599 1706 646 1751 Si
686 1706 870 1752 dixerint
901 1724 987 1752 non
1019 1724 1104 1752 esse
1145 1707 1349 1760 dimissa3
1378 1721 1555 1768 quaem,
1590 1704 1625 1749 si

250 1786 397 1838 postea
418 1776 638 1821 fictionem
659 1793 780 1821 suam
806 1776 939 1822 corde
959 1793 1168 1822 concusso
1193 1787 1235 1822 et
1258 1793 1358 1822 vero
1383 1774 1531 1821 dolore
1556 1773 1626 1819 fa-

251 1857 442 1901 teretur,
481 1845 624 1891 denuo
659 1847 950 1909 baptizandus
976 1847 1283 1905 judicaretur?
1316 1845 1447 1903 Quod
1478 1845 1511 1890 si
1543 1844 1624 1889 de·-

250 1915 560 1961 mentissimum
581 1926 644 1960 est
666 1916 830 1970 dicere3
857 1917 1076 1962 fateantur
1096 1934 1197 1963 vero
1219 1917 1439 1979 baptismo
1459 1915 1624 1960 Ch‘risti

249 1984 466 2047 baptizari
492 2001 615 2047 posse
652 1984 871 2030 hominem
894 2022 904 2041 ‚
938 1996 980 2030 et
1005 1996 1146 2030 tamen
1178 2003 1252 2031 cor
1275 1989 1366 2045 ejus
1392 1985 1437 2029 in
1461 1983 1623 2029 malitia

250 2055 318 2102 vel
342 2055 563 2115 sacrilegio
588 2072 864 2118 perseverans
883 2093 892 2111 ‚
930 2066 1209 2118 peccatorum
1233 2056 1510 2101 abolitionem
1537 2071 1624 2099 non

249 2125 384 2171 sinere
408 2127 499 2171 fieri
523 2143 533 2170 ε
566 2137 692 2188 atque
728 2125 785 2170 ita
822 2125 1065 2184 intelligant
1095 2126 1138 2170 in
1164 2124 1547 2170 communionibus
1568 2124 1623 2170 ab

250 2195 442 2241 Ecclesia
462 2196 670 2258 separatis
694 2212 818 2258 posse
847 2195 1044 2240 homines
1077 2195 1320 2258 baptizari,
1350 2194 1429 2239 ubi
1460 2193 1621 2239 Christi

249 2264 494 2326 baptismus
530 2264 678 2310 eadem
714 2265 969 2310 sacramenti
1004 2264 1294 2310 celebratione
1318 2264 1447 2309 datur
1473 2273 1514 2309 et
1547 2279 1624 2307 su-

249 2335 384 2380 mitur
407 2352 418 2379 :
446 2336 522 2397 qui
548 2346 690 2381 tamen
715 2347 821 2381 tunc
851 2336 987 2398 prosit
1019 2334 1073 2380 ad
1095 2334 1384 2379 remissionem
1415 2343 1621 2396 peccato-

248 2420 343 2449 rum
362 2440 372 2458 ‚
402 2421 502 2449 cum
530 2405 627 2467 quis
660 2405 963 2451 reconciliatus
986 2404 1166 2458 unitati,
1200 2403 1422 2462 sacrilegio
1454 2402 1619 2448 dissen-

248 2472 378 2518 sionis
412 2475 608 2529 exuitur,
644 2491 732 2537 quo
755 2479 845 2534 ejus
874 2485 1051 2538 peccata
1078 2473 1359 2529 tenebantur,
1386 2483 1426 2518 et
1460 2472 1620 2518 dimitti

299 2556 311 2580 ¹
331 2558 400 2590 Act.
423 2558 622 2595 r111,13.-
637 2555 651 2579 Ἰ
665 2559 736 2600 Sap.
763 2569 790 2595 ι,
807 2559 837 2590 5.
