1894 3154
315 217 409 273 204
737 231 772 259 s.
818 229 1061 259 Ancus‘rrNi
1099 229 1297 258 Episcom

316 297 460 361 priani
490 295 791 359 temporibus,
825 295 896 357 qui
932 293 1116 353 collegas
1148 311 1273 349 suos,
1303 312 1324 339 a
1354 295 1518 357 quibus
1549 305 1692 340 tamen

315 368 435 413 nulla
455 366 673 430 corporali
696 365 987 425 disjunctione
1006 375 1226 427 separatus
1245 375 1306 410 est
1323 401 1333 418 ‚
1359 364 1522 410 nullum
1543 382 1692 410 eorum

311 437 568 484 nominatim
594 435 815 499 appellans
831 472 841 490 ,
882 434 952 479 scd
991 434 1228 497 prudenter
1253 452 1302 480 ac
1325 435 1466 481 sobrie
1492 435 1690 480 saluber-

314 509 436 554 rimae
456 506 752 552 mordacitatis
769 505 954 551 inferens
983 504 1242 550 medicinam
1261 543 1271 560 ,
1294 505 1363 551 bis
1388 506 1532 551 verbis
1550 506 1690 564 gravi-

259 625 262 628 ,
316 590 380 624 ter
404 578 545 636 arguit
568 594 578 621 :
607 576 761 633 «Quia
790 575 1079 621 esurientibus
1098 576 1141 619 in
1170 575 1359 620 Ecclesia
1378 575 1585 621 fratribus
1605 575 1693 620 ha-

317 649 416 694 bere
436 657 660 706 argentum
676 645 851 704 largiter
868 645 1042 700 vellent,
1062 643 1222 689 fundos
1235 644 1448 701 insidiosis
1467 644 1694 690 fraudibus

316 727 545 781 raperent,
574 716 712 761 usuris
738 714 1135 777 multiplicantibus
1156 715 1299 760 foenus
1321 714 1564 775 augerent¹.
1593 737 1612 757 n
1639 716 1693 760 Et

317 798 367 832 ut
385 787 650 850 apertissime
667 785 908 830 ostenderet
928 784 980 830 de
1005 784 1071 829 his
1093 802 1133 830 se
1152 784 1294 830 dicere
1312 822 1322 841 ,
1347 803 1445 830 cum
1471 786 1632 849 quibus
1649 785 1695 830 in

317 858 444 903 unius
472 859 504 903 1⁴]
510 857 676 903 eclesiae
709 856 1015 902 communione
1041 856 1244 913 xivebat,
1281 867 1591 934 consequenter
1615 874 1696 901 an—

317 929 493 974 nexuit.
519 949 538 968 «
561 927 681 984 Quid
705 944 792 972 non
810 927 978 1003 perpeti
1000 926 1100 971 tales
1124 944 1205 989 pro
1230 927 1421 990 peccatis
1440 926 1697 987 hujusmodi

318 999 608 1044 meieremur?
633 1020 652 1039 n
682 999 779 1042 Non
811 997 926 1042 enim
964 998 1050 1051 ait,
1089 1008 1382 1046 mererentur
1420 997 1521 1052 sed,
1555 1014 1696 1042 mere-

320 1086 451 1114 mur:
477 1068 597 1132 quod
626 1068 745 1113 nullo
780 1067 911 1112 modo
945 1066 1144 1122 dixisset,
1177 1084 1277 1113 cum
1312 1050 1407 1113 talis
1436 1035 1585 1131 utis’1ue
1606 1068 1696 1130 ipse

319 1156 407 1184 non
432 1149 560 1193 esset,
590 1137 671 1182 nisi
695 1137 966 1182 manifestare
990 1136 1118 1182 vellet
1135 1154 1283 1182 eorum
1302 1137 1416 1182 facta
1439 1154 1481 1182 se
1505 1154 1693 1197 gemere,

321 1210 397 1273 qui
422 1209 457 1255 ei
495 1226 582 1254 non
618 1208 756 1253 solum
795 1208 1001 1254 Ecclesiae
1034 1208 1220 1264 unitate,
1256 1208 1327 1253 sed
1361 1208 1490 1253 ctiam
1530 1207 1697 1267 collegii

321 1279 542 1325 consortio
567 1283 854 1339 Jungerentur
874 1316 884 1334 ,
917 1280 1115 1341 quamvis
1142 1279 1197 1323 ab
1234 1279 1291 1324 eis
1312 1279 1400 1323 vita
1420 1316 1429 1333 ,
1473 1278 1694 1335 moribus,

323 1350 475 1406 corde,
508 1349 732 1413 proposito
764 1349 1043 1412 discreparet.
1075 1349 1234 1393 Dicant
1264 1366 1364 1408 ergo
1390 1349 1459 1393 isti
1479 1348 1699 1393 meliorem

318 1437 436 1465 nunc
459 1437 544 1465 esse
567 1418 802 1464 Ecclesiam
822 1436 942 1463 suam
960 1455 970 1473 ,
992 1428 1032 1463 et
1050 1436 1137 1463 non
1157 1436 1197 1463 se
1216 1419 1377 1464 habere
1402 1418 1503 1463 tales
1518 1455 1528 1473 ,
1552 1417 1699 1481 quales

318 1490 534 1535 liabuitin
554 1490 646 1552 ipsa
661 1489 824 1534 unitate
842 1488 1103 1551 Cyprianus.
1133 1488 1326 1534 Credant
1346 1490 1404 1533 eis
1426 1488 1503 1552 qui
1521 1488 1694 1542 volunt,

321 1571 361 1605 et
382 1560 583 1606 adversus
617 1577 664 1605 ea
695 1560 808 1604 mala
832 1576 933 1622 quae
961 1558 1014 1604 de
1043 1560 1238 1604 moribus
1271 1576 1419 1604 eorum
1453 1557 1701 1616 insimulata

319 1631 511 1685 fuerint,
549 1630 696 1676 oculos
727 1630 935 1676 claudant
970 1647 980 1674 ε
1023 1647 1099 1689 ego
1124 1647 1195 1675 eos
1229 1629 1282 1674 ad
1319 1629 1392 1674 illa
1424 1629 1517 1692 ipsa
1553 1629 1698 1692 priora

320 1702 497 1747 unitatis
535 1712 731 1764 tempora
759 1700 1002 1755 revocabo,
1036 1710 1077 1745 et
1115 1700 1170 1744 ab
1207 1699 1266 1744 eis
1295 1716 1517 1762 quaeram,
1552 1709 1700 1744 utrum

320 1771 496 1834 quando
530 1771 599 1816 ille
640 1781 785 1816 tantus
817 1770 1049 1833 episcopus
1087 1769 1456 1829 Carthaginiensis
1497 1768 1701 1814 Ecclesiae

320 1842 568 1904 Cyprianus
587 1840 640 1886 de
663 1852 750 1886 tam
777 1840 889 1885 malo
911 1840 1092 1899 collegio
1106 1877 1116 1896 ,
1148 1840 1393 1885 testimonio
1413 1839 1564 1884 liberae
1582 1838 1701 1884 vocis

323 1927 457 1973 usque
490 1910 544 1955 ad
574 1927 621 1955 ea
650 1910 840 1972 scripta,
875 1926 976 1972 quae
1009 1909 1192 1971 posteris
1221 1910 1350 1954 etiam
1381 1908 1696 1971 proderentur,

322 1981 554 2040 ingemuit,
578 1991 669 2025 erat
703 1980 891 2025 Ecclesia
922 1979 1116 2035 Christi,
1150 1997 1204 2024 an
1236 1996 1323 2024 non
1347 1982 1465 2024 erat?
1499 1978 1544 2023 Si
1579 1989 1696 2030 erat,

321 2068 472 2114 quaero
495 2050 867 2114 quemadmodum
893 2050 1143 2113 Cyprianus
1174 2060 1215 2095 et
1250 2049 1396 2095 caeteri
1426 2049 1583 2094 similes
1611 2052 1701 2108 ejus

320 2121 566 2184 implebant
596 2120 715 2184 quod
750 2120 963 2183 praecepit
1000 2119 1232 2182 Apostolus
1266 2137 1277 2164 ι
1317 2141 1337 2160 «
1368 2119 1414 2164 Si
1442 2120 1538 2182 quis
1569 2118 1702 2164 frater

323 2191 610 2236 »nominatur
635 2200 708 2236 aut
740 2190 1003 2245 fornicator,
1040 2200 1112 2235 aut
1141 2207 1318 2246 avarus,
1353 2200 1427 2235 aut
1456 2189 1582 2235 idolis
1609 2206 1701 2234 ser-

324 2282 344 2303 »
364 2261 508 2316 viens,
548 2271 622 2306 aut
655 2260 918 2315 maledicus,
947 2270 1022 2305 aut
1050 2260 1271 2315 ebriosus,
1300 2270 1374 2304 aut
1406 2277 1562 2322 rapax,
1600 2275 1701 2304 cum

324 2353 344 2373 υ
363 2331 576 2391 ejusmodi
600 2348 679 2376 nec
708 2331 855 2376 cibum
881 2330 1009 2376 simul
1029 2331 1222 2375 sumere2
1245 2348 1255 2375 :
1282 2353 1301 2371 »
1321 2329 1496 2392 quando
1514 2346 1615 2374 cum
1634 2329 1702 2373 his

321 2401 459 2448 avaris
473 2412 512 2446 et
532 2402 766 2464 rapacibus
786 2439 796 2457 ,
815 2402 891 2465 qui
907 2401 1196 2446 esurientibus
1212 2402 1257 2446 in
1279 2400 1470 2445 Ecclesia
1493 2398 1701 2444 fratribus

321 2472 483 2518 habere
508 2482 733 2531 argentum
755 2472 929 2532 largiter
947 2471 1133 2528 vellent,
1155 2471 1314 2517 fundos
1334 2469 1548 2515 insidiosis
1575 2468 1700 2515 frau-

367 2558 378 2581 Ι
397 2558 482 2590 vide
502 2557 682 2601 Cyprianus
696 2560 797 2590 Serm.
813 2558 851 2591 de
869 2559 974 2602 lapsis,
997 2577 1042 2583 —
1055 2557 1071 2581 2
1089 2571 1101 2590 x
1120 2561 1199 2594 Cor.
1221 2571 1254 2602 v,
1280 2570 1291 2589 1
1306 2569 1331 2589 t.
