1894 3154
335 263 510 297 CONTRA
543 261 788 293 EPISTOLAM
823 257 1120 297 P-ARMENIANI,
1160 258 1247 288 LIB.
1291 258 1343 288 ΙΙ.
1457 240 1553 287 151'

177 331 384 396 poraliter
404 346 481 392 per
499 327 632 373 furias
650 323 1084 377 Circumcellionum,
1107 321 1178 366 sed
1198 322 1324 366 etiam
1345 320 1548 384 spiritali-

178 415 242 448 ter
258 401 470 455 fundunt‚
490 398 565 461 qui
583 397 731 442 orbem
750 406 959 440 terrarum
975 431 985 449 ,
1009 393 1042 437 si
1060 403 1259 455 possunt,
1281 391 1550 454 rebaptizare

178 481 405 518 conantur.
434 472 521 515 Aut
537 468 571 513 si
585 466 698 512 solus
715 466 786 511 ille
809 464 1061 524 sanguinem
1082 461 1229 507 fundit
1248 499 1259 517 ,
1280 463 1355 524 qui
1374 478 1550 506 carnem

177 540 400 587 mortalem
419 538 487 583 Vel
505 537 702 583 vulnerat
719 535 785 581 vel
801 534 1069 579 vulneratam
1089 532 1289 595 perimit3
1312 531 1384 577 ille
1405 541 1550 576 autem

178 628 266 656 non
290 608 438 654 fundit
458 608 535 670 qui
558 607 753 652 seductas
773 604 934 649 animas
959 602 1182 661 sacrilegio
1214 601 1457 646 schismatis
1476 617 1556 646 oc·-

180 679 288 725 cidit
306 727 308 729 ,
328 696 338 723 :
383 694 517 741 quare
556 678 601 721 in
636 674 932 722 schismaticos
970 689 1068 717 suos
1108 671 1442 717 Maximianistas
1476 687 1556 733 per

180 748 374 795 eamdem
399 747 578 810 plenarii
603 745 777 792 concilii
803 745 867 789 sui
901 742 1153 788 sententiam
1188 741 1290 786 talia
1318 742 1519 787 dixerunt
1542 759 1552 785 :

182 841 203 862 «
227 819 404 864 Veloces
432 817 562 880 pedes
596 834 742 862 eorum
783 815 837 860 ad
861 813 1171 859 effundendum
1204 810 1517 872 sanguinem1?
1539 832 1558 852 >2

185 890 299 934 Cum
332 889 388 933 ab
418 888 475 933 eis
504 898 668 933 constet
696 885 980 948 corporaliter
1004 884 1221 928 neminem
1240 884 1456 935 occisum;
1484 898 1562 926 ne-

183 959 344 1003 minem
369 958 645 1003 vulneratum
671 974 681 1000 :
710 955 783 1000 sed
809 954 986 1015 insuper
1009 970 1078 997 eos
1108 952 1163 996 ab
1188 952 1278 996 istis
1302 951 1438 996 multa
1459 968 1560 1014 per-

184 1044 330 1090 pessos
346 1063 357 1082 ,
387 1043 488 1071 cum
508 1026 560 1071 de
584 1025 773 1070 basilicis
800 1041 879 1086 per
894 1022 1146 1081 judiciarias
1168 1031 1402 1084 potestates
1421 1020 1563 1065 exclu-

185 1096 410 1150 derentur,
452 1095 595 1158 qualia
629 1105 726 1140 ante
769 1093 1081 1156 separationem
1118 1091 1559 1146 Maximianistarum‚

187 1184 289 1213 cum
320 1167 366 1211 in
401 1182 538 1210 unum
567 1166 729 1228 pariter
758 1174 921 1217 essent,
955 1162 1092 1207 multa
1121 1160 1318 1206 fecerunt
1356 1162 1442 1216 eis,
1486 1162 1565 1224 qui

186 1238 334 1300 priora
358 1253 405 1280 ex
423 1246 546 1298 parte
563 1235 722 1279 Donati
743 1234 975 1279 schismata
993 1232 1218 1278 fecerant?
1243 1231 1327 1277 Cui
1346 1233 1461 1276 enim
1479 1248 1562 1275 un-

190 1323 322 1369 quam
345 1305 623 1350 schismatico
647 1322 724 1350 suo
742 1313 1057 1367 pepercerunt,
1085 1303 1160 1365 qui
1184 1302 1265 1347 sibi
1286 1302 1341 1346 ab
1362 1302 1468 1347 orbe
1486 1311 1566 1346 ter-

189 1392 360 1431 rarum,
392 1378 517 1434 cujus
545 1375 628 1438 ipsi
667 1374 932 1420 schismatici
960 1383 1080 1428 sunt,
1117 1373 1244 1417 nimis
1286 1371 1566 1435 impudenter

190 1445 313 1509 parci
349 1444 530 1501 volunt,
569 1461 670 1489 cum
702 1462 725 1489 a
755 1444 842 1489 sola
876 1444 967 1506 ipsa
1002 1460 1101 1488 vera
1140 1443 1303 1488 unitate
1333 1443 1567 1503 justissime

192 1516 423 1561 schismata
444 1515 683 1576 puniantur
701 1552 712 1569 ‚
746 1514 779 1559 si
803 1531 852 1558 eo
876 1513 1006 1558 modo
1031 1513 1111 1558 ista
1133 1513 1356 1576 punienda
1381 1517 1510 1559 sunt?

256 1585 379 1630 VIII.
420 1585 472 1627 Et
491 1584 599 1628 illud
618 1584 738 1646 quod
759 1584 971 1644 scriptum
995 1593 1057 1627 est
1081 1600 1091 1626 z
1120 1604 1139 1623 «
1167 1583 1418 1628 Secundum
1437 1584 1567 1646 prin-

195 1675 216 1697 »
234 1654 375 1716 cipem
398 1653 581 1716 populi,
620 1654 680 1698 sic
708 1664 749 1698 et
773 1654 959 1697 ministri
990 1652 1155 1715 ipsius3
1191 1663 1231 1697 et
1259 1653 1398 1715 qualis
1428 1665 1570 1699 rector

195 1746 216 1766 »
233 1734 294 1769 est
316 1723 525 1777 civitatis,
561 1722 665 1767 tales
692 1723 1011 1767 inhabitantes2
1035 1740 1044 1767 ε
1069 1744 1088 1763 »
1118 1723 1152 1766 si
1178 1723 1466 1782 intelligerent
1484 1741 1572 1787 quo

195 1797 382 1859 pertinet
400 1831 410 1849 ,
444 1811 522 1839 nec
548 1794 673 1838 nobis
701 1794 965 1852 objicerent,
999 1810 1079 1837 nec
1110 1794 1194 1855 ipsi
1224 1811 1333 1838 vana
1358 1795 1571 1853 jactantia

197 1864 485 1927 superbirent.
524 1865 611 1908 Nos
634 1864 748 1907 enim
773 1873 821 1907 ut
845 1863 1075 1907 hominnm
1103 1880 1221 1925 spem
1239 1901 1249 1918 ‚
1279 1880 1378 1926 quae
1408 1864 1453 1909 in
1483 1864 1573 1910 solo

197 1938 291 1980 Deo
311 1944 403 1979 tuta
424 1944 624 1996 recteque
647 1950 795 1978 secura
820 1944 881 1978 est
900 1971 909 1987 ‚
933 1950 1021 1978 non
1046 1934 1090 1978 in
1111 1933 1367 1979 hominibus
1390 1934 1574 1981 colloce-

199 2021 319 2058 mus,
350 2003 556 2067 quoniam
582 2004 793 2066 scriptum
820 2003 1094 2048 meminimus
1122 2021 1132 2047 :
1171 2025 1191 2044 «
1214 2004 1470 2050 Maledictus
1500 2007 1577 2068 qui

200 2072 221 2117 3>
238 2092 357 2137 spem
382 2091 508 2118 suam·
527 2075 653 2136 ponit
685 2076 731 2119 in
758 2074 962 2119 homine3
984 2091 995 2118 ι
1022 2096 1040 2113 »
1071 2091 1160 2118 non
1183 2074 1464 2134 intelligimus
1487 2076 1576 2122 hoc

199 2145 297 2190 loco
324 2145 566 2206 principem
607 2144 760 2206 populi
793 2154 835 2188 et
871 2154 1080 2188 rectorem
1108 2144 1294 2189 civitatis
1317 2145 1574 2209 episcopum

202 2214 449 2274 significari.
487 2215 585 2258 i‘x‘on
608 2214 705 2259 idco
737 2215 839 2276 quia
872 2230 959 2258 non
992 2214 1206 2276 possimus
1241 2214 1577 2261 innumerabiles

204 2295 371 2331 sanctos
387 2284 433 2328 in
452 2284 667 2337 catholica
687 2284 771 2328 fide
789 2284 1017 2346 episcopos
1040 2284 1199 2328 intueri
1222 2301 1232 2328 :
1262 2285 1331 2329 set]
1359 2302 1411 2330 ne
1434 2290 1578 2347 cujus-

204 2373 359 2419 quam,
383 2365 431 2399 ut
456 2354 568 2409 dixi,
590 2372 684 2417 spos
708 2355 897 2399 hominis
921 2353 1160 2399 collocetur
1191 2355 1236 2399 in
1260 2354 1462 2412 homine,
1487 2368 1528 2402 et
1546 2358 1581 2402 si

207 2426 315 2470 forte
333 2425 371 2469 ei
390 2425 612 2484 contingat
641 2426 685 2469 in
717 2442 764 2470 ea
788 2424 929 2469 vivere
950 2424 1123 2469 civitate
1143 2425 1221 2469 ubi
1244 2443 1332 2471 non
1357 2427 1412 2471 sit
1437 2428 1579 2473 bonus

208 2496 459 2559 episcopus,
485 2496 721 2540 arbitretur
747 2495 927 2556 impune
951 2511 993 2539 se
1019 2494 1182 2540 malum
1213 2496 1333 2554 fieri,
1366 2513 1580 2562 usurpans

259 2578 270 2599 ¹
288 2578 358 2610 Isa'i.
375 2588 445 2621 mx,
463 2589 492 2617 7.
511 2595 557 2600 -
573 2575 588 2598 2
605 2576 703 2609 Eccli.
722 2587 755 2614 x,
775 2587 807 2610 2.
820 2594 866 2600 —
879 2574 893 2599 3
911 2579 1031 2608 Jerem.
1047 2588 1132 2616 xvu,
1152 2578 1183 2609 5.
