1894 3154
329 223 420 270 362
739 235 776 268 S.
816 232 1063 267 AUGUSTINI
1097 230 1302 265 EPISCOPI

328 301 508 350 natum1
529 320 540 349 ε
567 301 814 367 baptismus
841 312 985 348 autem
1007 317 1143 357 meUS,
1172 317 1298 346 nemo
1322 298 1429 346 dixit
1445 316 1590 348 eorum
1611 318 1703 348 om·-

329 375 447 421 nino.
480 375 629 437 Neque
648 374 758 420 enim
781 374 979 419 omnium
1001 371 1180 436 aequalis
1202 381 1264 417 est
1281 371 1437 431 gloria,
1464 389 1542 418 nec
1567 372 1703 419 mini-

333 455 471 490 strant
494 462 640 490 omnes
661 444 902 507 aequaliter,
920 460 999 489 nec
1019 442 1175 505 aequali
1188 441 1423 505 prudentia
1438 453 1538 488 sunt
1556 460 1703 490 omnes

329 515 522 578 praediti,
548 525 589 560 et
609 515 653 559 in
679 512 1025 572 Evangelizando
1052 512 1158 557 alius
1185 512 1268 557 alio
1293 512 1444 558 melius
1466 524 1699 576 operatur,

329 598 370 631 et
390 586 486 631 ideo
507 585 602 630 dici
626 594 768 647 potest
788 583 896 629 alius
917 582 1000 628 alio
1025 581 1196 628 doctior
1219 582 1266 627 in
1294 583 1388 646 ipsa
1407 582 1606 629 doctrina
1635 601 1707 629 sa-

330 656 494 701 lutari:
524 655 630 700 alius
664 664 807 700 autem
831 653 914 699 alio
947 652 1084 712 magis
1117 653 1314 699 minusve
1343 653 1589 716 baptizatus
1623 653 1713 700 dici

329 744 418 772 non
438 736 596 789 potest,
625 725 712 771 sive
736 725 791 770 ab
816 724 1016 770 inferiore
1033 760 1043 779 ,
1076 723 1163 769 sive
1199 741 1223 768 a
1257 726 1419 783 majore
1446 724 1705 787 baptizetur.

330 796 520 842 Proinde
544 812 645 842 cum
668 794 893 841 manifesta
917 795 1003 840 sint
1021 811 1152 857 opera
1172 794 1337 851 carnis,
1369 811 1468 858 quae
1494 805 1596 840 sunt
1619 794 1711 839 for-

332 867 586 919 nicationes,
609 866 918 922 immunditiae,
946 865 1144 922 luxuriae,
1173 864 1392 910 idolorum
1416 865 1614 921 servitus,
1634 880 1713 911 ve·-

327 938 498 993 neficia,
523 938 782 994 inimicitiae,
808 937 1122 993 contentiones,
1141 936 1342 991 haereses,
1365 935 1561 993 invidiae,
1583 952 1716 982 aemu-

330 1009 529 1065 lationes,
548 1009 856 1065 animositates,
874 1009 1169 1065 dissentiones,
1184 1007 1427 1064 ebrietates,
1443 1007 1716 1053 comessatio-

335 1096 427 1134 nes,
443 1090 485 1123 et
508 1079 577 1124 his
599 1078 798 1132 similia23
834 1079 869 1124 si
895 1078 1154 1124 mirabiliter
1174 1077 1353 1135 dicitur,
1378 1078 1484 1123 Post
1505 1077 1718 1123 Joannem

332 1148 545 1211 baptizati
557 1148 880 1203 sunthomines,
895 1159 936 1193 et
951 1158 1049 1211 post
1068 1148 1298 1193 haereticos
1312 1164 1400 1193 non
1409 1147 1715 1210 baptizantur:

339 1235 418 1264 cur
440 1235 530 1263 non
553 1218 810 1264 mirabiliter
834 1218 997 1264 dicitur
1011 1253 1020 1270 ‚
1040 1221 1141 1263 Post
1159 1218 1185 1262 J
1188 1234 1371 1263 oannem
1390 1216 1602 1281 baptizati
1613 1226 1714 1262 sunt

335 1288 535 1333 homines
553 1325 564 1345 ,
580 1299 621 1333 et
640 1299 737 1351 post
751 1288 921 1335 invidos
945 1305 1034 1333 non
1055 1287 1337 1351 baptizantur
1359 1305 1370 1332 ε
1402 1303 1503 1333 cum
1528 1303 1576 1332 ex
1594 1296 1720 1350 parte

338 1359 504 1405 diaboli
527 1376 612 1404 esse
634 1359 807 1406 invidos
825 1360 916 1423 ipse
939 1359 1186 1423 Cyprianus
1209 1358 1254 1404 in
1277 1358 1469 1422 Epistola
1487 1357 1541 1404 de
1564 1357 1654 1404 zelo
1678 1367 1721 1403 et

335 1427 473 1475 livore
507 1440 684 1475 testetur
701 1440 741 1475 et
764 1431 809 1476 in
830 1429 1025 1475 Ecclesia
1041 1429 1208 1475 Christi
1223 1429 1350 1475 fuisse
1368 1428 1538 1477 invidos
1558 1426 1724 1475 Christi

337 1499 661 1545 annuntiatores
683 1500 787 1563 ipsis
812 1499 1073 1563 Apostolicis
1093 1499 1366 1563 temporibus
1385 1499 1477 1563 ipse
1496 1498 1513 1528 ³
1538 1498 1724 1562 Cypria-

336 1586 418 1618 nus
443 1586 490 1615 ex
513 1570 709 1633 apostolo
734 1570 890 1627 Paulo,
921 1571 1034 1616 sicut
1050 1574 1144 1631 jam
1166 1569 1416 1626 docuimus,
1441 1568 1724 1620 manifestet?

399 1640 542 1687 XVII.
587 1641 701 1697 Quia
731 1658 831 1701 ergo
872 1640 1053 1686 Joannis
1083 1640 1326 1704 baptismus
1356 1656 1445 1685 non
1475 1649 1566 1685 erat
1606 1639 1724 1685 idem

337 1710 414 1774 qui
437 1711 681 1774 baptismus
704 1712 870 1758 Christi
888 1749 899 1767 ,
921 1712 1021 1757 satis
1043 1711 1233 1757 arbitror
1250 1727 1336 1756 esse
1353 1710 1622 1756 declaratum
1646 1726 1657 1754 ε
1680 1718 1722 1755 et

338 1792 572 1844 propterea
609 1782 721 1828 nihil
767 1782 1020 1828 documenti
1058 1799 1107 1827 ex
1144 1782 1220 1828 illo
1262 1781 1403 1827 afferri
1439 1791 1583 1845 potest
1600 1817 1611 1837 ,
1647 1796 1725 1826 cur

340 1861 571 1913 propterea
598 1862 698 1914 post
716 1852 946 1898 haereticos
966 1852 1285 1916 baptizandum
1305 1852 1386 1909 sit,
1413 1854 1516 1916 quia
1532 1851 1728 1915 baptiza-

342 1929 436 1965 tum
465 1931 526 1965 est
541 1932 641 1983 post
663 1922 876 1967 Joannem
901 1939 912 1966 t
941 1939 1042 1967 cum
1066 1923 1254 1968 Joannes
1278 1922 1512 1968 haereticus
1536 1939 1624 1967 non
1637 1921 1728 1967 fue,-

342 1991 423 2046 rit,
457 2002 497 2036 et
521 1992 716 2055 potuerit
741 1992 904 2038 habere
935 1993 1230 2056 baptismum,
1262 1992 1462 2056 quamvis
1493 2010 1516 2037 a
1551 1992 1728 2038 Christo

344 2077 621 2118 concessum,
652 2080 740 2108 non
775 2074 920 2109 tamen
956 2063 1121 2110 Christi
1145 2064 1400 2127 proprium,
1430 2079 1531 2109 cum
1562 2062 1730 2108 Christi

345 2130 551 2178 habuerit
575 2132 860 2187 charitaten13
887 2144 928 2178 et
954 2134 1088 2197 possit
1111 2134 1343 2180 haereticus
1365 2134 1530 2179 habere
1555 2133 1730 2197 baptis-

345 2217 468 2252 mum
487 2202 653 2248 Christi
683 2214 725 2249 et
753 2204 1080 2267 perversitatem
1105 2203 1301 2261 diaboli,
1341 2205 1454 2250 sicut
1483 2203 1600 2250 intus
1622 2203 1731 2249 alius

347 2282 491 2334 potest
513 2273 677 2318 habere
706 2274 979 2338 baptismum
1004 2275 1171 2322 Christi
1192 2286 1233 2321 et
1256 2274 1466 2325 invidiam
1491 2274 1672 2321 diaboli.

412 2342 578 2391 XVIII.
613 2345 669 2390 At
692 2345 807 2391 enim
841 2346 978 2392 multo
999 2346 1134 2407 magis
1164 2356 1263 2410 post
1286 2346 1547 2392 haereticum
1576 2343 1731 2409 bapti-

347 2411 537 2460 zandum
565 2424 652 2469 est;
681 2414 784 2479 quia
811 2415 998 2463 Joannes
1016 2416 1249 2464 haereticus
1268 2433 1357 2463 non
1383 2426 1497 2474 erat,
1528 2425 1570 2462 et
1586 2425 1731 2467 tamen

348 2494 448 2549 post
470 2501 569 2532 eum
588 2485 862 2551 baptizatum
888 2491 976 2538 est?
1000 2488 1072 2537 Sic
1090 2524 1102 2546 ,
1129 2487 1238 2537 dicit
1267 2487 1423 2552 aliquis
1439 2523 1452 2545 ,
1476 2487 1615 2536 multo
1633 2504 1731 2542 maes

394 2573 406 2598 ¹
427 2585 444 2607 2
462 2574 546 2610 Tim.
567 2586 605 2619 11,
623 2577 655 2609 8.
669 2593 715 2601 —
728 2575 743 2599 2
760 2577 866 2612 Galat.
884 2588 913 2618 ν,
939 2590 991 2621 19.
1004 2596 1049 2604 —
1066 2576 1080 2602 3
1096 2578 1198 2624 Epist.
1222 2581 1275 2620 73.
1293 2578 1332 2613 ad
1353 2578 1561 2614 Jubaianum.
