1894 3154
330 270 502 302 cow'rnA
538 270 785 301 Errs'rotm
820 269 1119 312 PAnMnmANr,
1162 272 1247 301 Lm.
1290 274 1361 305 111.
1467 256 1557 303 233

188 336 350 382 nolenti
369 337 530 392 facere,
556 336 736 391 bestias,
771 336 974 399 ignesque
1011 335 1277 382 minaretur:
1299 354 1385 383 non
1411 337 1558 383 mallet

187 406 260 453 illa
284 407 452 470 perpeti
477 423 609 470 quam
632 404 742 451 illud
762 405 1026 460 ‘admittere3
1053 416 1094 451 et
1121 423 1222 451 cum
1256 424 1405 470 passus
1433 418 1552 463 esset,

188 487 335 522 utrum
364 494 453 522 non
489 493 584 522 eum
619 475 689 521 isti
723 476 835 521 inter
874 486 1043 521 sanctos
1067 478 1277 540 Martyres
1301 477 1559 524 recitarent?

190 548 401 593 Graviora
429 564 528 607 ergo
551 563 699 610 passus
733 557 795 592 est
816 546 986 594 Salvius
1016 565 1114 593 cum
1140 565 1228 612 quo
1252 548 1452 594 saltatum
1476 558 1556 603 est,

188 617 364 680 quamsi
388 617 510 664 vivus
537 617 712 664 arsisset.
746 618 855 662 Nam
891 617 1141 680 sieuiquam
1170 634 1319 663 eorum
1342 618 1440 663 haec
1473 617 1561 663 duo

185 699 549 751 proponerentur,
570 699 716 733 utrum
731 687 893 742 mallet,
916 705 1001 733 non
1018 689 1109 751 ipse
1127 689 1296 744 saltare,
1319 688 1391 734 sed
1414 687 1559 734 saltari

193 774 356 814 secum,
374 775 505 821 quam
525 759 649 804 vivus
669 757 860 812 incendi,
885 757 991 820 quid
1015 775 1112 803 eum
1130 758 1364 805 electurum
1382 775 1466 804 esse
1480 775 1563 803 res-

192 828 440 891 pondeant?
478 829 523 874 Si
556 839 694 874 autem
721 828 830 873 dicit
859 828 971 874 1111111
995 829 1112 874 aliud
1143 831 1394 892 impetrasse
1417 847 1438 874 a
1462 844 1564 891 pro-

192 898 366 943 consule
390 898 698 952 Primianistas,
721 897 801 942 nisi
832 908 879 942 ut
896 915 974 961 per
1019 899 1283 944 Abitinenses
1314 899 1483 944 Salvius
1508 897 1562 942 de

191 967 369 1012 basilica
390 968 638 1030 pelleretur,
657 966 752 1011 illos
768 976 906 1012 autem
923 984 997 1012 sua
1014 978 1166 1031 sponte
1181 968 1329 1014 fecisse
1345 966 1564 1031 quidquid

190 1037 228 1082 ei
250 1048 397 1100 postea
422 1037 654 1082 crudeliter
671 1037 941 1099 turpiterque
956 1036 1174 1084 fecerunt:
1195 1055 1273 1083 cur
1292 1055 1380 1083 non
1404 1037 1487 1082 sibi
1500 1036 1565 1082 (11-

191 1107 268 1163 cit,
295 1107 355 1153 sic
378 1108 504 1153 etiam
530 1124 651 1171 posse
671 1107 910 1152 catholicos
930 1108 1041 1153 nihil
1066 1108 1186 1154 aliud
1213 1109 1268 1154 ab
1290 1106 1564 1170 Imperatori-

190 1177 272 1223 bus
295 1188 458 1240 petere,
485 1178 565 1222 nisi
587 1187 635 1222 ut
656 1177 721 1222 isti
743 1176 796 1222 de
825 1177 1015 1223 basilicis
1038 1195 1144 1240 quas
1167 1178 1341 1224 nomine
1359 1176 1563 1236 sacrilego

189 1247 373 1292 retinent
393 1247 700 1299 excludantur3
722 1246 818 1292 illos
850 1258 991 1292 autem
1018 1264 1092 1292 sua
1117 1259 1270 1310 sponte
1290 1248 1403 1307 regia
1423 1257 1564 1310 potes-

190 1327 275 1362 tate
293 1328 333 1362 et
356 1317 580 1362 honestate
598 1327 763 1363 servata
779 1319 822 1362 in
846 1317 1072 1377 sacrilegos
1088 1318 1228 1364 multo
1246 1318 1411 1373 mitius,
1431 1333 1563 1381 quam

190 1387 461 1433 Abitinenses
475 1387 594 1433 nulla
618 1387 831 1450 imperiali
849 1387 955 1447 lege,
973 1387 1334 1448 nullajudiciaria
1350 1387 1559 1447 J’ussione,

187 1457 233 1503 in
260 1457 646 1502 Membresitanum
675 1456 887 1513 Salvium,
933 1458 1190 1505 vindicasse.
1224 1458 1398 1514 Quibus
1436 1457 1567 1501 rebus

149 1552 152 1559 ·
188 1526 484 1583 consideratis,
506 1527 627 1590 prius
650 1526 757 1590 quid
778 1526 956 1582 faciant,
986 1538 1027 1572 et
1049 1539 1195 1591 postea
1216 1527 1319 1591 quid
1339 1527 1565 1591 patiantur

190 1596 414 1643 advertant
437 1615 447 1642 :
476 1615 529 1642 ne
547 1614 645 1642 cum
672 1597 872 1642 adversus
897 1597 1011 1643 facta
1043 1615 1119 1643 sua
1149 1598 1301 1643 oculos
1328 1597 1560 1651 claudunt,

187 1677 230 1712 et
251 1667 305 1713 ad
325 1684 479 1730 poenas
508 1684 603 1713 31133
626 1668 773 1713 oculos
799 1668 1016 1731 aperiunt,
1058 1679 1099 1713 et
1119 1669 1195 1713 hic
1210 1667 1368 1714 frustra
1390 1679 1566 1731 tempo-

187 1737 292 1783 ralia
319 1738 561 1801 patiantur,
583 1748 625 1782 et
649 1738 694 1783 in
727 1737 881 1783 ultimo
900 1738 1070 1797 judicio
1111 1739 1189 1783 Dei
1221 1739 1350 1784 etiam
1374 1754 1456 1801 pro
1477 1738 1562 1783 1100

186 1807 281 1871 ipso
302 1807 419 1872 quod
433 1807 589 1853 frustra
601 1825 669 1853 003
691 1808 849 1853 talibus
871 1808 1071 1854 molestiis
1089 1818 1136 1853 ut
1151 1808 1396 1855 emendaret
1413 1807 1561 1853 admo-

187 1878 312 1933 nuit,
342 1889 504 1923 aeterno
540 1878 758 1940 supplicio
782 1878 1037 1941 puniantur.
1074 1879 1172 1923 Non
1196 1888 1337 1924 vetera
1362 1878 1527 1941 replico
1545 1915 1556 1934 ‚

186 1947 432 1993 ubifallunt
449 1965 558 2011 quos
578 1959 785 2011 possunt:
804 1948 992 1993 breviter
1011 1948 1127 2003 dieo,
1145 1949 1376 2012 praesentia
1393 1949 1556 2009 ingero,

186 2018 323 2078 digito
351 2018 544 2064 ostendo.
580 2019 781 2064 Damnati
816 2019 1143 2064 Maximianistae
1170 2019 1466 2082 recipiuntur.
1492 2019 1562 2078 ig-

185 2099 302 2134 notae
330 2083 473 2148 gentes
497 2100 750 2147 arguuntur.
781 2089 1196 2134 lilaximianistarum
1219 2089 1464 2151 baptismus
1481 2105 1554 2133 ac·

186 2169 388 2222 ceptatur
405 2195 415 2214 ‚
461 2158 579 2203 orbis
610 2169 819 2203 terrarum
863 2158 1108 2221 baptismus
1148 2159 1405 2205 exsufflatur.
1448 2159 1560 2203 Ecce

189 2230 447 2285 Assuritani‚
472 2246 572 2274 0000
592 2229 814 2274 Mustitani
831 2267 840 2277 .
865 2246 962 2274 0000
985 2246 1068 2273 11011
1084 2228 1208 2287 longe
1226 2239 1420 2274 mortuus
1439 2229 1564 2274 Prae-

185 2310 385 2354 textatus,
407 2316 506 2345 ecce
521 2299 667 2344 adhue
688 2300 811 2344 vivus
827 2299 1080 2353 Feliciaiius,
1103 2315 1201 2344 eece
1226 2300 1399 2344 nomina
1414 2316 1564 2345 eorum

184 2371 298 2416 inter
321 2369 548 2414 damnatos
570 2369 793 2428 Bag-aiensi
822 2368 1006 2413 concilio
1028 2369 1154 2427 gestis
1180 2368 1564 2431 proconsularibus

186 2439 382 2498 allegata,
415 2438 572 2483 talibus
599 2438 845 2483 recentibus
869 2448 910 2482 et
933 2438 1221 2500 praesentibus
1243 2439 1366 2483 factis
1382 2475 1392 2493 ‚
1415 2439 1563 2501 quales

186 2512 243 2557 ab
265 2509 388 2555 initio
410 2508 591 2564 fuerint,
619 2509 717 2554 satis
754 2507 962 2554 indicant.
1002 2508 1046 2553 Si
1070 2509 1177 2572 quid
1197 2526 1279 2573 pro
1306 2509 1559 2569 hujusmodi

184 2579 537 2644 perversitatibus
555 2589 596 2623 et
619 2578 922 2641 iniquitatibus
945 2579 1193 2641 patiuntur,
1221 2580 1252 2626 si
1282 2579 1437 2625 nolunt
1463 2597 1564 2625 cor-

188 2650 285 2711 rigi,
312 2649 459 2695 saltem
482 2666 569 2693 non
592 2648 775 2694 audeant
799 2648 986 2708 gloriari.
