1894 3154
274 253 332 315 76
692 269 726 298 5.
770 266 1015 299 AUGUSTINI
1049 265 1252 296 EPISCOPI

270 342 356 378 tur.
389 331 474 377 Sed
503 333 595 391 jam
627 332 673 378 in
698 332 786 378 1100
806 332 920 378 libro
955 331 1154 394 superius
1184 331 1437 394 disputavi,
1463 349 1551 378 non
1585 334 1645 379 sic

270 401 572 465 accipiendam
591 419 676 447 esse
697 403 732 446 T
737 403 955 448 rinitatem
976 418 1076 464 quae
1096 402 1209 446 Deus
1228 412 1290 446 est
1306 439 1317 458 ,
1339 419 1386 447 ex
1402 402 1486 448 illis
1503 403 1646 448 tribus

271 489 370 536 quae
392 472 436 517 in
453 473 646 518 trinitate
670 484 830 519 nostrae
854 473 1009 519 mentis
1034 472 1325 529 ostendimus,
1354 484 1402 519 ut
1436 484 1646 536 tanquam

267 544 474 589 memoria
494 544 548 588 sit
567 545 761 590 omnium
779 546 912 590 trium
931 548 1072 599 Pater,
1086 554 1127 589 et
1144 543 1426 603 intelligentia
1446 544 1645 590 omnium

270 613 402 658 trium
424 613 558 658 Filius
572 651 583 670 ‚
609 625 650 659 et
668 614 856 660 charitas
874 614 1068 659 omnium
1090 615 1221 658 trium
1244 614 1431 677 Spiritus
1451 625 1641 670 sanctus,

267 683 390 746 quasi
414 683 542 728 Pater
569 700 648 729 nec
676 684 889 743 intelligat
917 684 1001 729 sibi
1026 701 1104 729 nec
1133 684 1311 743 diligat,
1345 685 1417 730 sed
1454 685 1492 730 ei
1515 685 1647 731 Filius

267 751 503 810 intelligat,
529 763 570 797 et
591 752 780 815 Spiritus
802 764 975 798 sanctus
1002 754 1038 798 ei
1070 753 1221 813 diligat
1238 791 1250 809 9
1277 755 1368 817 ipse
1395 766 1537 801 autem
1563 755 1647 800 sihi

266 832 308 866 et
338 821 422 866 illis
451 832 620 868 tantum
654 823 926 877 meminerit3
953 834 994 868 et
1027 823 1160 868 Filius
1184 841 1263 869 1100
1295 825 1540 870 meminerit
1567 842 1645 871 nec

268 891 421 951 diligat
440 892 546 948 sibi,
571 892 644 938 sed
665 894 908 939 meminerit
926 894 962 939 ei
983 897 1109 940 Pater
1126 931 1138 951 ,
1164 905 1206 939 et
1227 894 1379 954 diligat
1398 896 1435 940 ei
1456 895 1646 959 Spiritus

266 973 437 1008 sanctus
455 1000 466 1019 ‚
486 963 579 1026 ipse
597 975 741 1009 autem
762 975 804 1010 et
821 965 905 1010 sibi
924 975 965 1010 et
981 965 1064 1010 illis
1080 966 1386 1012 tantummodo
1406 966 1642 1026 intelligat3

266 1032 456 1096 itemque
475 1033 664 1097 Spiritus
681 1045 853 1080 sanctus
869 1052 948 1080 nec
961 1035 1206 1080 meminerit
1219 1053 1298 1081 nec
1312 1037 1524 1096 intelligat
1540 1037 1641 1094 sibi,

266 1102 336 1147 sed
364 1103 606 1148 meminerit
623 1104 660 1149 ei
687 1107 835 1160 Pater,
861 1116 902 1149 et
917 1104 1129 1164 intelligat
1147 1106 1184 1150 ei
1205 1105 1337 1150 Filius
1357 1143 1367 1161 ,
1387 1107 1479 1169 ipse
1499 1117 1646 1151 autem

268 1183 308 1218 et
332 1172 415 1220 sibi
438 1183 479 1219 et
501 1172 586 1219 illis
613 1190 701 1219 non
724 1174 810 1219 nisi
831 1174 984 1234 diligat
1007 1192 1016 1219 :
1041 1174 1114 1219 sed
1145 1175 1205 1220 sic
1237 1175 1407 1238 potius,
1429 1187 1478 1222 ut
1503 1177 1647 1221 omnia

268 1246 350 1291 tria
380 1256 421 1290 et
446 1261 593 1290 omnes
618 1256 660 1290 et
687 1246 843 1306 singuli
867 1247 1061 1291 habeant
1089 1245 1134 1290 in
1163 1262 1239 1291 sua
1266 1248 1449 1310 quisque
1467 1257 1637 1293 natura.

267 1317 357 1362 Nec
375 1316 535 1362 distent
554 1315 600 1360 in
618 1316 676 1361 eis
697 1317 778 1362 ista
797 1354 808 1373 ,
829 1318 941 1363 sicut
966 1317 1011 1362 in
1035 1317 1162 1362 nobis
1182 1316 1300 1362 aliud
1324 1329 1385 1363 est
1408 1318 1612 1363 memoria
1629 1355 1641 1374 ‚

267 1387 387 1432 aliud
407 1397 469 1432 est
505 1386 812 1446 intelligentia„
846 1387 966 1433 aliud
998 1387 1174 1432 dilectio
1201 1389 1287 1432 sive
1320 1388 1537 1442 charitas3
1569 1387 1644 1433 sed

267 1474 403 1502 unum
425 1455 590 1519 aliquid
608 1455 661 1501 sit
676 1458 795 1520 quod
814 1458 960 1503 omnia
975 1456 1115 1503 valeat
1135 1494 1145 1512 ‚
1166 1457 1279 1502 sicut
1297 1458 1390 1520 ipsa
1412 1457 1641 1520 sapientia;

266 1527 384 1572 etsie
404 1526 682 1572 habeaturin
707 1529 1049 1592 uniuscujusque
1073 1538 1249 1583 natura,
1286 1539 1334 1573 ut
1363 1528 1441 1591 qui
1475 1528 1640 1583 habet,

266 1597 354 1643 1100
378 1596 432 1642 sit
458 1596 577 1659 quod
608 1596 744 1642 habet
760 1636 770 1654 ,
804 1598 917 1643 sicut
938 1597 1225 1643 immutabilis
1253 1598 1518 1661 simplexque
1534 1598 1644 1643 5111)-

267 1667 438 1712 stantia.
471 1666 517 1710 Si
540 1683 640 1726 ergo
657 1667 756 1713 haec
774 1668 993 1714 intellecta
1016 1679 1116 1713 sunt
1133 1706 1144 1725 ,
1163 1678 1206 1714 et
1224 1680 1438 1732 quantum
1456 1669 1582 1713 nobis
1598 1668 1644 1713 in

265 1738 396 1782 rebus
430 1736 559 1781 tantis
587 1737 734 1783 videre
763 1739 831 1784 vel
865 1743 1110 1798 conjectare
1142 1756 1392 1784 concessum
1422 1750 1512 1795 est,
1542 1755 1644 1784 vera

266 1825 351 1853 0550
374 1806 624 1852 claruerunt
641 1845 651 1863 ,
680 1810 824 1854 nescio
857 1826 937 1855 cur
962 1826 1048 1854 non
1078 1810 1189 1855 sicut
1209 1810 1416 1872 sapientia
1444 1820 1484 1854 et
1515 1810 1643 1854 Pater

267 1878 428 1924 dicitur
450 1888 491 1922 et
513 1878 644 1923 Filius
665 1890 706 1923 et
725 1879 911 1942 Spiritus
932 1890 1103 1925 sanctus
1123 1917 1132 1935 ‚
1160 1891 1201 1925 et
1231 1879 1359 1924 simul
1381 1897 1527 1925 omnes
1555 1897 1644 1924 11011

266 1959 374 1998 tres,
400 1947 474 1992 sed
503 1964 588 1993 una
620 1949 859 2012 sapientia3
886 1950 944 1994 ita
971 1960 1012 1994 et
1032 1950 1222 1994 charitas
1251 1959 1292 1994 et
1318 1950 1446 1994 Pater
1469 1949 1643 1995 dicatur

265 2027 306 2063 et
327 2017 460 2062 Filius
478 2027 518 2062 et
539 2018 727 2080 Spiritus
744 2030 916 2065 sanctus
933 2056 943 2071 ,
963 2030 1006 2064 et
1027 2019 1154 2064 simul
1173 2035 1299 2065 omne
1319 2036 1405 2064 una
1428 2019 1634 2066 charitas.

267 2087 338 2132 Sic
354 2087 468 2132 enim
485 2098 527 2132 et
544 2090 672 2133 Pater
691 2089 828 2144 Deus,
851 2100 893 2134 et
913 2088 1046 2134 Filius
1065 2093 1182 2134 Deus
1199 2100 1239 2134 et
1260 2089 1450 2152 Spiritus
1468 2100 1641 2135 sanctus

266 2158 382 2202 Deus
397 2194 407 2213 ‚
427 2171 469 2205 et
491 2157 617 2203 simul
647 2175 794 2205 omnes
813 2176 924 2205 unus
944 2163 1075 2206 Deus,

327 2228 492 2273 XXIX.
534 2229 589 2273 Et
615 2240 758 2275 tamen
789 2248 877 2276 non
903 2230 1061 2275 frustra
1092 2231 1137 2275 in
1175 2231 1260 2276 hac
1299 2231 1511 2276 Trinitate
1552 2249 1640 2277 non

264 2296 426 2343 dicitur
449 2298 642 2342 Verbum
662 2300 740 2344 Dei
759 2301 840 2346 nisi
861 2300 992 2346 Filius
1010 2337 1020 2357 ‚
1039 2317 1120 2345 nec
1139 2302 1315 2346 Donum
1335 2301 1417 2345 Dei
1435 2301 1515 2346 nisi
1536 2301 1638 2364 Spi-

262 2368 369 2412 ritus
392 2378 565 2412 sanctus
582 2404 593 2422 ‚
614 2386 692 2414 1100
709 2369 762 2414 de
783 2388 870 2433 quo
895 2371 1084 2430 genitum
1114 2380 1175 2414 est
1191 2370 1384 2415 Verbum
1413 2380 1455 2414 et
1481 2369 1534 2415 de
1551 2387 1639 2433 quo

261 2436 462 2500 procedit
488 2438 789 2501 principaliter
818 2441 1005 2503 Spiritus
1032 2450 1206 2485 sanctus
1236 2440 1318 2484 nisi
1341 2441 1458 2484 Deus
1487 2440 1631 2486 Pater.

259 2507 363 2552 Ideo
388 2517 529 2552 autem
555 2507 728 2564 addidi,
756 2510 1084 2574 principaliter,
1104 2511 1206 2573 quia
1224 2519 1265 2554 et
1288 2509 1341 2554 de
1370 2508 1476 2554 Filio
1501 2509 1638 2572 Spiri-

259 2588 327 2623 tus
344 2587 515 2623 sanetus
538 2578 772 2641 procedere
794 2580 1024 2642 reperitur.
1062 2579 1147 2625 Sed
1166 2580 1252 2625 hoc
1273 2595 1451 2643 quoque
1475 2578 1538 2625 illi
1555 2580 1638 2625 Pa-
