1894 3154
285 210 380 256 230
710 226 744 256 S.
789 224 1032 256 AUGUSTINI
1069 225 1271 256 EPISCOPI

282 290 460 336 tolerare
485 289 744 344 noluerunt3
766 301 808 336 et
830 304 923 336 sero
939 301 1087 354 postea
1110 291 1367 351 cogitantes,
1394 291 1533 356 ipsam
1556 309 1661 356 par-

284 370 369 405 tem
399 376 521 406 suam
553 378 642 406 non
673 377 759 406 esse
790 377 870 424 per
902 361 1062 406 multas
1094 360 1332 424 particulas
1361 361 1660 417 dividendaim

282 430 412 475 etiam
437 430 522 476 sibi
539 431 904 477 manifestissimos
927 431 1131 491 sacilegos
1152 448 1261 495 quos
1273 432 1359 496 ipsi
1378 432 1660 490 damnarunt,

281 517 428 546 rursus
445 512 640 565 receptos
660 519 741 564 pro
759 501 863 547 falsa
884 503 1045 547 Donati
1068 519 1176 564 pace
1195 502 1468 549 tolerarunt?
1494 504 1548 548 Et
1574 507 1666 563 jam

285 588 404 617 nunc
423 571 596 617 tandem
623 571 858 635 aliquando
879 581 1145 631 cognoscant
1164 572 1458 632 etcorrigant,
1483 572 1603 635 quod
1625 590 1666 619 se

292 640 428 703 impie
443 640 589 686 fecisse
606 678 617 697 ‚
645 658 693 686 ex
711 659 760 687 eo
777 641 926 687 saltem
956 641 1078 704 quod
1102 659 1126 687 a
1152 641 1416 688 Maximiano
1435 643 1551 706 passi
1568 654 1669 689 sunt

286 709 548 756 didicerunt.
574 710 659 756 Sed
682 711 848 756 scilicet
874 711 1138 757 erubescunt
1160 711 1515 758 manifestissimis
1540 713 1669 759 ratio-

290 780 422 826 nibus
443 781 617 842 corrigi,
641 782 743 846 quia
760 783 1080 845 Imperatorum
1095 782 1367 842 jussionibus
1392 783 1640 829 resisterunt
1654 820 1666 840 ‚

288 867 343 897 ne
356 850 430 897 illa
447 867 547 915 quae
558 869 601 897 se
618 863 949 916 conqueruntur
965 851 1095 898 fuisse
1114 869 1357 916 perpessos,
1380 853 1563 899 correcti
1573 871 1671 916 per-

292 921 450 968 didisse
473 922 703 969 videantur
728 941 738 968 ε
765 924 890 988 quasi
908 938 996 970 non
1015 923 1166 969 melius
1184 923 1383 986 perdunt
1400 923 1474 969 illa
1494 961 1505 981 ,
1527 940 1663 988 quam

296 1004 493 1057 pereunt.
515 993 560 1038 Si
578 994 693 1040 enirn
705 994 873 1040 habent
885 994 1073 1057 aliquam
1087 995 1288 1040 umbram
1304 994 1502 1057 quamvis
1517 993 1621 1040 falsa
1629 1012 1672 1040 m

298 1073 427 1127 atque
443 1063 661 1119 fallacem,
684 1074 828 1109 tamen
840 1063 1098 1110 'nonnullam
1118 1064 1349 1123 imaginem
1368 1064 1638 1110 fortitudinis
1657 1100 1669 1120 ,

289 1134 466 1193 jubenti
494 1150 581 1178 non
601 1133 751 1180 cedere
769 1134 1028 1198 Imperatori
1047 1151 1057 1178 ε
1085 1138 1209 1194 cujus
1231 1134 1296 1180 vel
1310 1135 1516 1180 humanae
1531 1134 1673 1180 laudis

291 1204 496 1250 illecebra
511 1215 590 1261 est,
612 1205 892 1268 apertissimae
912 1205 1207 1251 contradicere
1220 1205 1418 1252 veritati?
1439 1207 1530 1251 Cur
1550 1205 1672 1251 clau-

293 1275 348 1321 sis
373 1274 509 1320 oculis
537 1286 625 1321 tam
655 1275 792 1321 multa
811 1275 866 1321 de
890 1275 1131 1338 Scripturis
1148 1276 1394 1322 testimonia
1415 1274 1671 1339 proferunt,

293 1362 395 1409 quae
411 1345 628 1391 intellecta
656 1356 784 1409 atque
802 1356 955 1391 contra
977 1361 1019 1391 se
1035 1345 1206 1409 prolata
1230 1346 1465 1409 repudiant
1483 1366 1494 1399 ς
1522 1362 1621 1409 quae
1642 1345 1678 1390 si

293 1415 536 1462 secundum
573 1432 724 1461 eorum
759 1415 1030 1461 intellectum
1077 1416 1371 1479 recipiuntur,
1392 1415 1677 1461 nihilominus

300 1503 369 1532 eos
387 1486 440 1532 de
455 1502 530 1531 sua
550 1486 827 1548 perversitate
860 1486 1157 1531 convincunt?
1180 1486 1334 1531 Nonne
1354 1486 1567 1548 scriptum
1583 1496 1645 1531 est
1663 1503 1673 1530 :

300 1577 321 1598 ι(
347 1557 445 1602 Non
471 1555 744 1602 contradicas
771 1556 860 1602 ullo
878 1555 1010 1601 modo
1028 1556 1199 1612 veritati
1223 1555 1274 1601 1?
1298 1578 1318 1597 n
1344 1556 1584 1602 Cuiautem
1598 1555 1679 1600 nisi

300 1626 473 1672 veritati
504 1625 820 1672 contradicitur
840 1663 850 1682 ,
893 1643 994 1671 cum
1025 1626 1154 1671 etiam
1185 1628 1272 1686 regi
1309 1643 1354 1671 cx
1378 1626 1558 1672 veritate
1597 1625 1679 1671 ali-

302 1697 411 1761 quid
440 1697 615 1756 jubenti
636 1697 875 1743 resistitur?
914 1696 998 1742 Sed
1025 1713 1094 1742 rex
1132 1696 1265 1742 homo
1297 1697 1376 1760 qui
1399 1697 1590 1742 minatur
1613 1696 1681 1742 vel

297 1768 373 1831 qui
402 1767 612 1823 vindicat,
650 1768 705 1813 ad
732 1779 903 1831 tempus
928 1767 1132 1813 molestus
1167 1778 1228 1812 est
1255 1785 1265 1812 t
1287 1784 1376 1812 non
1407 1768 1467 1812 sic
1492 1767 1563 1812 ille
1590 1767 1681 1811 Rex

303 1839 380 1901 qui
399 1839 529 1883 etiam
554 1839 720 1885 Veritas
735 1838 914 1894 dicitur,
938 1839 1013 1901 qui
1033 1855 1149 1883 nunc
1177 1855 1350 1901 quoque
1369 1838 1452 1884 illis
1473 1854 1552 1901 per
1574 1839 1682 1883 Pro-

300 1909 482 1972 phetam
504 1909 691 1962 clamat3
713 1929 733 1950 ε(
753 1909 854 1954 Sine
874 1925 1002 1954 causa
1024 1909 1238 1971 percussit
1259 1908 1369 1953 filios
1386 1918 1564 1962 vestros,
1590 1906 1684 1952 dis-

301 1999 324 2022 »
348 1979 555 2042 ciplinam
577 1995 665 2024 non
679 1988 937 2041 receperunt
959 1978 992 2024 2.
1017 1999 1037 2019 »
1063 1978 1150 2034 Qui
1175 1988 1404 2041 propterea
1422 1995 1500 2041 per
1528 1977 1684 2022 huma-

302 2066 379 2095 nas
398 2058 629 2112 potestates
646 2065 763 2093 nunc
777 2047 1110 2093 misericorditer
1134 2047 1354 2103 admonet,
1376 2065 1430 2093 ne
1457 2048 1500 2092 in
1518 2048 1604 2092 fine
1623 2047 1684 2092 sic

304 2118 498 2165 Vindicet
518 2155 528 2172 ‚
557 2127 606 2162 ut
637 2135 726 2163 non
759 2135 801 2163 se
826 2117 992 2181 possint
1021 2118 1198 2181 superbi
1227 2117 1279 2162 de
1303 2135 1378 2162 sua
1409 2117 1684 2163 damnatione

302 2194 483 2248 jactare.
510 2187 604 2232 Sub
623 2187 816 2233 vindicta
840 2188 954 2232 enim
971 2205 1118 2247 regum
1139 2198 1280 2250 potest
1302 2188 1531 2233 hominum
1545 2187 1686 2250 perti-

308 2259 433 2303 nacia
451 2257 561 2303 falso
593 2258 768 2303 nomine
800 2258 973 2304 virtutis
994 2258 1100 2303 velle
1136 2258 1325 2313 laudari3
1351 2259 1521 2303 aetcrnis
1544 2269 1686 2302 autem

307 2328 484 2387 ignibus
503 2329 789 2384 concremari,
834 2328 920 2373 nec>
948 2328 1055 2383 erit,
1080 2344 1158 2372 nec
1190 2329 1422 2373 vocabitur
1452 2327 1678 2373 fortitudo.

317 2400 415 2444 Non
442 2398 555 2443 enim
571 2409 698 2443 erunt
717 2400 761 2444 in
788 2399 857 2444 die
880 2398 952 2444 illa
977 2399 1053 2461 qui
1088 2409 1221 2461 caput
1244 2410 1440 2458 unguant
1457 2399 1550 2444 oleo
1576 2399 1689 2444 adu-

310 2467 482 2514 lationis
499 2503 510 2524 9
546 2477 621 2514 aut
647 2468 780 2531 varia}
796 2468 969 2532 decepti
1006 2466 1175 2514 fallacia
1205 2479 1429 2515 coronatos
1475 2467 1687 2514 somnient

361 2551 369 2571 ¹
392 2550 486 2583 tzczfti.
502 2560 544 2591 tv,
567 2552 619 2583 30.
640 2563 685 2575 2⁵²<-
701 2549 715 2574 2
732 2553 850 2586 Jertm.
869 2562 902 2591 ῐῐ,
925 2554 974 2586 30.
