1894 3154
267 441 324 474 ms
359 439 581 473 ΒΑΡΤῙεΜο
615 438 792 473 CONTRA
825 440 1121 483 υοΝΑΤΙεΤΑε,
1158 442 1247 474 LIB.
1287 445 1330 474 v.
1416 430 1503 493 371

141 517 215 554 tur
234 507 280 554 in
299 507 514 565 Ecclesia,
547 519 596 554 ut
637 529 658 550 «
683 508 826 554 Etiam
848 507 935 554 hoc
974 509 1118 572 ipsum
1158 508 1366 573 deponat,
1390 511 1509 574 quod

139 579 274 626 homo
298 578 352 624 ad
369 579 508 625 Deum
520 580 693 625 veniens
706 578 812 625 dum
830 578 1097 626 sacerdotem
1109 580 1285 644 quaerit,
1306 580 1352 626 in
1375 582 1513 627 sacri-'-

140 650 283 710 legum
314 649 467 696 fraude
490 651 644 696 erroris
665 650 873 704 incurrit3
900 672 920 692 ›>
949 651 1026 696 uhi
1053 662 1202 714 postea
1235 652 1509 716 depositurus

141 731 219 777 est,
236 720 271 765 si
288 719 399 766 forte
415 721 458 766 in
478 721 699 784 ipsaintus
725 721 914 767 Ecclesia
934 721 1039 767 dum
1062 722 1281 769 hominem
1304 724 1495 787 Deiquae

140 791 217 847 rit,
244 791 291 836 in
308 791 577 837 homicidam
596 791 750 837 fraude
772 793 925 838 erroris
960 792 1176 838 incurrit?
1193 793 1238 839 Si
1260 811 1348 840 non
1366 804 1509 859 potest

141 861 187 907 in
197 861 374 907 homine
389 861 554 925 aliquid
564 862 689 907 inane
706 879 810 919 esse,
827 873 870 908 et
888 862 1054 925 aliquid
1070 864 1307 926 praevalere
1321 884 1332 918 ;
1347 887 1366 906 »
1386 882 1518 929 quare

141 942 283 995 potest
300 932 345 977 in
356 932 577 978 homicida
593 943 910 978 sacramentum
926 944 1124 979 sanctum
1135 951 1235 988 esse,
1257 945 1299 980 et
1313 952 1388 980 cor
1399 952 1520 981 sanc-

143 1013 237 1048 tum
249 1020 336 1048 non
347 1006 460 1048 esse?
474 1025 494 1044 α
508 1003 554 1049 Si
567 1003 762 1067 quisquis
781 1003 993 1066 Spiritum
1010 1013 1208 1049 sanctum
1223 1004 1325 1050 dare
1338 1022 1426 1051 non
1439 1023 1520 1069 po-

142 1084 242 1130 test,
265 1091 343 1119 nec
378 1074 601 1137 baptizare
623 1084 793 1138 potest3
814 1090 893 1120 cur
912 1075 1028 1119 intus
1052 1075 1249 1138 baptizat
1266 1076 1521 1123 homicida?

147 1145 234 1190 Aut
250 1144 473 1209 quomodo
489 1145 701 1208 Spiritum
716 1155 914 1192 sanctum
926 1145 1062 1190 habet
1075 1145 1316 1202 homicida,
1331 1164 1431 1192 cum
1442 1165 1530 1193 om.

145 1216 211 1261 nis
227 1215 520 1278 quiSpiritum
542 1227 740 1262 sanctum
756 1216 892 1261 habet
914 1215 1184 1262 illuminatus
1202 1218 1278 1271 sit;
1295 1219 1371 1281 qui
1385 1229 1527 1264 autem

147 1286 239 1332 odit
256 1286 450 1342 fratrem,
478 1287 522 1331 in
546 1288 732 1332 tenebris
753 1288 807 1332 sit
831 1304 967 1350 usque
986 1287 1162 1333 adhuc?
1184 1309 1202 1328 «
1224 1288 1268 1333 Si
1292 1289 1395 1351 quia
1419 1292 1531 1335 unns

148 1367 208 1404 est
233 1357 480 1421 baptismus
501 1368 543 1402 et
563 1375 675 1403 unus
693 1358 903 1420 Spiritus,
920 1357 1047 1402 »ideo
1065 1375 1152 1403 non
1166 1370 1348 1421 possunt
1370 1359 1531 1405 habere

149 1445 285 1473 unum
302 1428 521 1491 baptisma
537 1428 612 1490 qui
637 1428 904 1473 nonhabent
916 1443 1051 1473 unum
1067 1428 1266 1490 spiritum
1287 1450 1298 1483 ;
1317 1446 1396 1475 cur
1414 1430 1530 1475 intus

149 1498 355 1544 innocens
373 1508 415 1543 et
430 1498 653 1543 homicida
672 1498 941 1561 baptismum
974 1514 1109 1543 unum
1128 1499 1313 1556 habent,
1335 1511 1377 1545 et
1409 1517 1529 1545 eum-

152 1567 249 1612 dem
273 1567 486 1630 Spiritum
513 1584 597 1612 non
624 1567 822 1613 habent?
850 1568 914 1612 Ita
943 1585 1043 1627 ergo
1068 1579 1211 1630 potest
1232 1569 1464 1615 haereticus
1486 1581 1529 1615 et

153 1638 396 1683 catholicus
421 1638 636 1701 baptisma
662 1654 798 1682 unum
817 1637 980 1682 habere
996 1675 1007 1693 ,
1031 1648 1072 1682 et
1115 1655 1245 1684 unam
1287 1639 1523 1685 Ecclesiam

152 1725 239 1754 non
261 1709 439 1765 habere,
468 1709 580 1754 sicut
602 1718 784 1771 possunt
802 1709 847 1753 in
867 1708 1097 1753 Catholica
1111 1709 1317 1755 innocens
1334 1721 1375 1755 et
1390 1710 1532 1756 homi-

154 1779 252 1824 cida
271 1796 404 1824 unum
427 1780 589 1825 habere
610 1779 850 1841 baptisma,
878 1789 919 1823 ct
943 1796 1078 1824 unum
1099 1780 1312 1842 Spiritum
1337 1798 1425 1826 non
1443 1781 1530 1826 ha—

153 1850 256 1895 bere
273 1851 403 1914 :quia
426 1850 537 1895 sicut
552 1866 687 1895 unum
707 1860 769 1894 est
791 1850 1027 1912 baptisma,
1051 1850 1111 1895 sic
1136 1867 1245 1896 unus
1269 1862 1327 1896 est
1345 1851 1534 1915 Spiritus

155 1932 196 1966 et
217 1938 302 1966 una
333 1920 543 1967 Ecclesia.
590 1922 656 1965 Ita
682 1922 731 1965 fit
752 1931 800 1965 ut
823 1920 910 1965 hoc
937 1921 980 1965 in
1012 1937 1185 1983 quoque
1211 1921 1532 1981 agnoscendum

156 1992 210 2037 sit
228 1991 347 2055 quod
373 1991 526 2047 habet,
549 1991 636 2036 hoc
662 1991 700 2035 ei
719 1990 913 2036 dandum
936 1991 1054 2053 quod
1080 2008 1168 2036 non
1190 1992 1339 2040 habet.
1367 2014 1386 2034 «
1404 1993 1448 2038 Si
1471 1993 1539 2038 ni·

156 2062 223 2108 hil
245 2073 387 2125 potest
410 2073 553 2107 ratum
578 2072 618 2107 et
636 2063 813 2107 firmum
835 2079 920 2107 esse
942 2062 1059 2124 apud
1080 2063 1318 2108 Dominum
1336 2064 1455 2127 quod
1474 2063 1538 2109 illi

157 2132 342 2189 faciunt,
367 2150 475 2197 quos
490 2133 704 2178 Dominus
730 2133 875 2178 hostes
894 2143 934 2177 ct
964 2132 1228 2178 adversarios
1247 2151 1344 2179 suos
1366 2151 1452 2179 esse
1467 2134 1539 2180 di—

160 2203 237 2259 cit,
271 2220 350 2248 cur
377 2204 527 2248 firmus
556 2213 617 2247 est
646 2203 892 2265 baptismus
917 2219 1045 2265 quem
1070 2202 1249 2248 tradunt
1268 2203 1537 2250 homicidae?

161 2276 228 2320 An
247 2274 392 2319 hostes
411 2283 452 2319 et
476 2272 738 2319 adversarios
752 2273 929 2318 Domini
948 2290 1033 2318 non
1060 2273 1245 2319 dicimus
1265 2274 1537 2321 homicidas?

161 2344 290 2400 «Qui
317 2354 460 2389 autem
486 2343 579 2389 odit
602 2342 781 2389 fratrem
811 2360 955 2399 suum,
983 2343 1207 2389 homicida
1235 2355 1296 2389 est
1313 2343 1346 2391 ¹1.
1375 2367 1394 2387 »
1413 2346 1540 2401 Quo-

161 2415 292 2460 modo
323 2432 423 2474 ergo
458 2415 771 2477 baptizabant,
808 2415 885 2478 qui
931 2414 1111 2459 oderant
1145 2414 1332 2460 Paulum
1371 2432 1542 2462 servum

165 2486 330 2538 Christi
348 2490 461 2536 Jesu,
490 2503 539 2531 ac
562 2503 641 2548 per
660 2485 745 2531 hoc
771 2485 951 2530 oderant
971 2496 1013 2530 ct
1038 2485 1202 2542 Jesum,
1233 2486 1334 2550 quia
1353 2497 1392 2531 et
1412 2488 1543 2533 Saulo

162 2555 254 2619 ipse
274 2555 405 2609 dixit3
428 2577 447 2596 α
466 2555 586 2611 Quid
613 2573 682 2600 me
711 2556 978 2618 persequeris
993 2556 1028 2611 2,
1053 2577 1072 2597 >³
1101 2556 1278 2620 quando
1297 2560 1387 2616 ejus
1405 2575 1546 2605 servos

163 2628 502 2691 persequebatur
520 2630 538 2673 P
553 2638 595 2672 et
616 2627 661 2672 in
681 2628 765 2672 fine
783 2628 872 2690 ipse
892 2627 1090 2673 dicturus
1108 2638 1170 2673 est
1193 2645 1204 2672 z
1231 2649 1250 2670 a
1268 2630 1381 2675 Cum
1397 2629 1472 2674 uni
1497 2647 1545 2675 ex

163 2719 185 2741 ))
208 2699 397 2744 minimis
412 2698 516 2744 meis
548 2715 638 2743 non
659 2697 836 2755 fecistis,
862 2699 971 2744 mihi
990 2717 1078 2745 non
1097 2699 1254 2746 fecistis
1276 2700 1309 2747 3.
1337 2722 1357 2743 ›>
1376 2700 1548 2758 Quam-

230 2791 243 2812 1
263 2783 358 2814 Joan.
373 2792 423 2819 111,
443 2783 494 2813 15.
514 2799 560 2807 ——
580 2779 594 2803 2
616 2784 685 2813 Act.
715 2793 762 2825 rx,
790 2788 821 2819 4.
845 2801 889 2807 --
905 2780 918 2804 3
941 2783 1060 2816 Matth.
1088 2794 1169 2823 xxv,
1189 2785 1246 2821 45.

1317 2836 1389 2891 24.
