1894 3154
468 289 660 321 PSALMUS
696 288 871 319 CONTRA
905 286 1078 318 PARTEM
1114 288 1296 320 DONATi.
1487 292 1572 338 109

211 355 348 402 Erant
360 359 512 401 Botrus
531 364 573 399 et
585 353 603 382 1
628 353 834 399 Celestius
848 352 992 398 hostes
1009 352 1243 398 Caeciliano
1259 354 1402 410 valde,

211 426 359 488 Impii‚
384 424 515 480 fures,
535 424 732 487 superbi,
752 422 804 468 de
817 423 979 486 quibus
993 422 1170 482 longum
1188 433 1250 467 est
1266 423 1444 479 referre,

210 496 235 539 J
240 505 452 540 unxerunt
474 512 515 539 se
538 493 667 539 simul
682 510 828 538 omnes
847 492 1011 538 crimen
1029 492 1074 537 in
1094 491 1217 537 illum
1237 493 1440 540 conflare.

207 565 372 610 Dicunt
395 563 686 609 ordinatorem
707 566 797 621 ejus
821 572 988 610 sanctos
1013 562 1146 607 libros
1173 562 1406 608 tradidisse.

207 635 278 680 Sic
297 635 417 697 pacis
436 634 541 680 retia
557 643 771 697 ruperunt
788 652 799 686 3
825 643 868 677 et
884 642 1027 677 errant
1048 631 1179 677 modo
1202 649 1281 696 per
1298 650 1430 680 mare.

343 742 497 802 Nepet.
529 739 690 783 Omnes
708 736 786 800 qui
810 735 1001 796 gaudetis
1016 773 1027 792 ‚
1054 748 1135 782 etc.

214 839 330 885 EccE
354 855 485 901 quam
511 838 677 883 bonum
708 846 749 881 et
777 853 906 900 quam
923 835 1168 896 jucundum
1193 834 1344 881 fratres
1372 834 1417 880 in
1444 851 1579 880 unum

274 910 472 955 habitare
483 910 516 955 2.

213 980 370 1025 Audite
396 996 547 1025 vocem
569 978 828 1041 Prophetae,
856 987 904 1022 ut
932 977 1020 1021 sitis
1045 976 1089 1021 111
1116 976 1295 1022 unitate.

213 1050 390 1095 Crimen
409 1050 536 1095 nobis
553 1049 631 1112 qui
647 1047 854 1111 probavit
873 1047 1099 1110 antiquam
1119 1045 1172 1091 de
1189 1046 1450 1092 traditione?

214 1122 321 1178 Quis
343 1121 504 1181 objecit
519 1120 565 1166 in
580 1119 781 1179 judicio?
805 1118 894 1174 Qui
916 1118 1118 1163 sederunt
1127 1117 1324 1177 judicare
1342 1120 1360 1162 Ξ)

215 1193 387 1249 Quibus
411 1192 590 1237 testibus
611 1190 834 1236 convicit?
856 1189 962 1245 Quis
985 1205 1109 1233 ausus
1127 1198 1188 1233 est
1209 1188 1450 1233 affirmare?

215 1262 298 1308 Sed
321 1262 405 1308 hoc
423 1263 607 1307 libenter
624 1262 842 1306 finxerunt
858 1297 868 1315 ,
895 1259 1013 1322 quod
1034 1276 1074 1303 50
1092 1269 1307 1304 noverunt
1322 1259 1468 1304 fecisse
1487 1276 1498 1303 :

215 1332 329 1389 Quia
350 1332 464 1377 fama
480 1335 571 1390 jam
590 1331 851 1393 loquebatur
869 1328 922 1373 de
942 1328 1157 1373 librorum
1178 1327 1406 1373 traditione
1424 1347 1436 1381 3

217 1402 301 1447 Sed
321 1402 395 1465 qui
418 1401 607 1446 fecerant
626 1400 820 1446 latebant
837 1400 882 1444 in
904 1398 977 1443 illa
996 1397 1250 1461 perditione.

216 1472 323 1517 Inde
340 1472 443 1518 alios
458 1471 793 1526 infamaverunt,
819 1481 867 1516 111
885 1487 926 1515 50
946 1469 1060 1532 ipsos
1081 1479 1254 1532 possent
1276 1468 1427 1516 celare.

216 1545 299 1589 Per
320 1543 415 1588 illos
440 1543 585 1589 caeteri
610 1552 863 1588 erraverunt
881 1540 1103 1604 principes
1120 1557 1167 1585 ex
1184 1539 1275 1602 ipsa
1294 1550 1418 1602 parte
1440 1557 1451 1584 ε

219 1614 334 1671 Quia
352 1630 440 1659 non
457 1614 629 1659 credere
649 1613 821 1672 collegis
844 1621 1110 1675 putaverunt
1131 1610 1215 1655 sibi
1233 1620 1376 1673 turpe.

218 1685 241 1729 J
248 1702 334 1741 am,
358 1683 524 1740 fratres,
550 1683 730 1729 finitur³
747 1700 882 1737 error,
906 1692 947 1727 et
968 1681 1100 1726 simus
1118 1681 1161 1725 in
1181 1680 1356 1727 unitate.

348 1794 503 1853 Περεῖ.
533 1790 696 1835 Omnes
718 1788 793 1852 qui
815 1786 1032 1847 gaudetis,
1061 1797 1143 1831 etc.

220 1889 252 1934 F
257 1903 455 1934 1011110111
472 1885 592 1951 quod
610 1886 841 1932 voluerunt
858 1895 962 1930 tunc
988 1885 1032 1930 in
1058 1883 1131 1929 illa
1151 1883 1344 1930 caecitate
1365 1900 1375 1928 :

221 1960 319 2005 Non
331 1958 500 2018 judices
515 1957 732 2012 sederunt,
752 1974 839 2002 11011
859 1955 1097 2002 sacerdotes
1118 1954 1171 2000 de
1189 1971 1305 2000 more
1319 1991 1330 2010 ,

222 2030 355 2087 Quod
373 2029 510 2075 solent
530 2030 574 2074 in
591 2029 756 2088 magnis
778 2028 934 2083 causis,
956 2025 1415 2086 congregatijudieare
1434 2042 1444 2069 ε
1489 2058 1495 2062 -

221 2102 320 2147 Non
344 2111 568 2147 accusator
584 2110 626 2145 et
643 2117 739 2145 reus
758 2109 965 2145 steterunt
984 2098 1029 2143 in
1048 2097 1282 2160 quaestione
1301 2114 1311 2141 ε

223 2173 323 2217 Non
342 2182 465 2217 testes
479 2208 491 2228 ,
517 2188 606 2216 11011
624 2169 936 2216 documentum
953 2206 964 2225 ,
989 2184 1076 2232 quo
1100 2177 1274 2230 possent
1301 2164 1463 2212 crimen
1482 2182 1592 2229 pro-

286 2242 404 2289 bare.

226 2312 310 2359 Sed
327 2313 465 2370 furor,
485 2312 628 2369 dolus,
650 2312 878 2366 tumultus,
904 2309 982 2374 qui
1001 2318 1179 2368 regnant
1196 2306 1242 2352 in
1266 2306 1461 2354 falsitate.

224 2384 507 2430 Proferantur
523 2385 649 2430 nobis
667 2385 794 2430 Gesta
807 2398 908 2445 quae
927 2382 972 2425 in
989 2377 1172 2425 concilio
1196 2376 1333 2423 solent
1352 2394 1437 2422 0550
1454 2413 1465 2433 ,

225 2454 456 2500 Videamus
478 2471 577 2517 quae
594 2471 658 2500 res
676 2453 820 2512 co‘egit
839 2451 931 2496 fieri
955 2448 1084 2495 altare
1108 2458 1260 2494 contra
1280 2447 1424 2493 altare.

274 2559 283 2579 ¹
303 2558 440 2588 celesius
459 2555 496 2586 ab
521 2558 639 2598 Optato
657 2553 840 2585 nominatur
857 2550 890 2583 in
910 2550 994 2582 libro
1013 2555 1124 2582 contra
1141 2546 1386 2581 Parmenianum
1404 2547 1521 2590 primo.
1548 2565 1592 2572 —-

226 2610 241 2633 ²
260 2611 338 2643 Psal.
357 2621 481 2649 cxxxu,
500 2622 526 2642 1.
546 2627 586 2632 —-
603 2605 617 2630 3
636 2610 729 2638 Forte
747 2605 885 2637 liniatur.
