1894 3154
314 239 400 284 126
728 254 762 282 s.
811 252 1049 282 treus'rtxl
1087 253 1291 282 Ei’lscom

309 321 363 365 sit
386 319 591 382 iniquitas
606 355 617 374 ,
647 335 778 381 quam
803 317 918 381 quod
948 317 1145 381 pollicita
1169 328 1230 363 est
1252 317 1440 363 veritas?
1469 320 1560 363 Cur
1579 334 1678 377 ergo

308 407 396 435 non
417 391 561 452 potius
583 388 799 434 credimus
815 425 825 440 ‚
853 388 955 450 quia
978 387 1039 433 illi
1065 388 1140 451 qui
1163 387 1326 450 recepti
1363 397 1463 432 sunt
1487 387 1532 432 in
1556 404 1680 432 com-

307 460 556 505 munionem
580 477 602 503 a
625 458 862 521 provinciis
883 458 1180 503 transmarinis
1199 495 1208 512 ,
1239 468 1311 503 aut
1329 458 1578 503 innocentes
1603 474 1680 520 op-

307 531 440 594 primi
473 547 559 574 non
587 539 825 591 potuerunt
857 547 881 572 a
915 528 1335 583 calumniatoribus,
1376 527 1498 590 quod
1536 526 1681 572 multis

309 599 577 646 documentis
600 598 872 661 probabilius
891 598 1139 661 persuaderi
1160 608 1325 660 potest3
1350 609 1426 642 aut
1449 607 1564 643 certe
1580 613 1680 642 cum
1737 632 1741 635 ‚

309 670 513 717 convinci
542 686 628 714 non
652 679 847 730 possent,
882 669 1045 713 etiamsi
1082 668 1182 712 mali
1208 667 1407 722 fuerunt,
1434 668 1682 713 innocentes

312 740 488 794 crediti,
521 739 609 784 sine
644 738 729 782 ulla
755 739 1082 801 suscipientium
1108 738 1476 783 contaminatione
1495 737 1681 801 suscepti

311 814 437 856 sunt?
458 809 596 865 Quid,
614 808 733 871 quod
752 809 918 853 etiamsi
937 826 1014 871 per
1029 809 1163 854 malos
1182 808 1333 853 fratres
1349 846 1359 862 ,
1380 809 1527 872 quales
1547 813 1684 871 Apos-

310 880 421 925 tolus
438 880 483 924 in
503 878 705 923 Ecclesiae
724 879 885 923 unitate
905 878 1124 931 toleravit,
1148 879 1294 941 quales
1314 889 1478 942 martyr
1500 878 1683 941 Cypria-

310 968 392 996 nus
415 950 460 995 in
480 948 671 1012 Epistola
692 947 744 992 de
768 949 919 1011 Lapsis
940 947 1116 1008 gemit'l,
1142 950 1176 994 si
1195 966 1294 1008 ergo
1316 967 1394 1012 per
1414 948 1513 994 tales
1532 948 1682 993 fratres

311 1021 440 1066 etiam
465 1020 508 1064 in
530 1019 746 1078 judicium
772 1036 951 1064 numero
980 1019 1257 1075 constitutos,
1299 1031 1441 1064 actum
1471 1029 1578 1064 esset
1602 1019 1684 1064 ali-

313 1107 396 1153 qua
417 1090 648 1152 pravitate,
669 1099 716 1133 ut
735 1088 963 1134 traditores
981 1089 1148 1133 excludi
1171 1090 1462 1152 convincique
1480 1107 1567 1134 non
1588 1105 1686 1152 pos-

310 1171 402 1206 sent
417 1198 427 1215 ,
457 1170 498 1204 et
521 1159 784 1204 christianus
807 1159 924 1204 orbis
945 1159 1144 1204 simulata
1167 1176 1313 1204 eorum
1340 1160 1589 1204 innocentia
1610 1158 1684 1204 fal-

310 1232 470 1277 leretur
486 1268 495 1286 ,
523 1229 643 1276 nullo
668 1229 798 1273 niodo
825 1246 943 1274 suam
969 1229 1262 1274 innocentiam
1288 1229 1558 1292 perdidisset.

374 1303 472 1348 Vll.
496 1300 625 1356 Quod
647 1300 761 1344 enim
784 1299 838 1344 de
864 1300 968 1345 Osio
993 1300 1147 1345 dicunt
1168 1300 1442 1345 Cordubensi
1466 1300 1685 1362 quondam

310 1373 528 1421 catholico
548 1371 773 1433 episcop0,
813 1370 1098 1429 flagitandum
1119 1382 1180 1416 est
1206 1382 1252 1415 ut
1274 1371 1478 1433 probent,
1507 1388 1593 1415 non
1617 1388 1688 1416 so-

310 1446 401 1491 lum
424 1443 551 1488 talem
572 1441 694 1486 illum
718 1439 846 1485 fuisse
864 1441 1033 1503 qualem
1052 1441 1222 1494 dicunt,
1246 1442 1317 1486 scd
1338 1441 1455 1504 quod
1480 1441 1575 1486 talis
1589 1441 1688 1486 fue-

306 1517 363 1562 rit
378 1512 650 1560 manifestum
673 1510 757 1556 illis
781 1510 909 1556 fuisse.
932 1512 1093 1574 quibus
1115 1529 1213 1557 eum
1251 1511 1593 1557 communicasse
1619 1528 1689 1556 as-

311 1595 470 1632 serunt.
513 1584 606 1627 Hoc
644 1582 758 1625 enim
798 1581 878 1626 nisi
920 1582 1227 1643 probaverint,
1254 1582 1410 1627 frustra
1457 1581 1611 1626 dicunt
1647 1598 1690 1626 se

311 1657 434 1702 scisse
460 1652 599 1716 qualis
624 1650 751 1696 fuerit
775 1668 784 1695 :
810 1651 911 1713 quia
933 1652 1223 1697 nescientibus
1243 1653 1390 1697 obesse
1415 1668 1501 1696 non
1522 1652 1685 1714 potuit,

313 1725 512 1788 aquibus
546 1739 587 1766 se
617 1721 685 1765 isti
718 1721 1024 1766 innocentibus
1059 1721 1317 1784 separando,
1347 1732 1530 1784 propter
1549 1721 1689 1784 ipsam

311 1793 591 1858 separationis
626 1791 871 1850 sacrilegam
898 1792 1169 1854 iniquitatem
1204 1792 1454 1837 innocentes
1477 1808 1562 1837 esse
1597 1808 1685 1836 non

308 1873 501 1929 possunt.
532 1862 627 1905 Hoc
642 1860 753 1905 enim
775 1861 908 1919 magis
924 1861 1133 1906 credibile
1153 1872 1213 1906 est
1238 1862 1300 1924 (si
1320 1872 1459 1906 tamen
1481 1861 1609 1906 Osius
1628 1860 1684 1905 ab

310 1934 514 1998 Hispanis
553 1931 810 1985 damnatus,
849 1949 869 1975 a
916 1931 1049 1976 Gallis
1082 1942 1143 1976 est
1173 1931 1460 1993 absolutus),
1497 1931 1557 1977 sic
1592 1931 1684 1976 fieri

309 2005 525 2070 potuisse,
555 2013 602 2048 ut
625 2001 738 2046 falsis
757 2001 1132 2046 criminationibus
1168 2002 1352 2064 Hispani
1376 1998 1678 2056 circumventi,

308 2088 350 2123 et
374 2074 532 2122 callida
563 2071 814 2118 insidiarum
858 2071 1008 2116 fraude
1044 2071 1242 2134 decepti,
1284 2083 1434 2117 contra
1466 2072 1678 2117 innocen-

306 2161 393 2195 tem
419 2147 579 2192 ferrent
605 2144 853 2188 sententiam
870 2180 880 2195 ,
913 2154 953 2188 et
980 2153 1125 2205 postea
1158 2143 1337 2206 pacifice
1366 2147 1410 2188 in
1433 2143 1679 2189 humilitate

306 2218 541 2264 christiana
572 2213 771 2259 cederent
796 2213 1018 2257 sententiar:¹
1045 2212 1334 2271 collegarum,
1373 2214 1533 2276 quibus
1564 2213 1679 2258 illius

306 2285 553 2334 innocentia
569 2284 855 2346 comprobata
873 2294 952 2338 est,
979 2300 1030 2327 ne
1053 2283 1269 2345 pervicaci
1296 2294 1337 2328 et
1361 2285 1551 2328 animosa
1576 2300 1680 2346 per-

304 2356 501 2403 versitate
528 2354 689 2416 priores
726 2370 821 2397 suas
852 2352 1080 2397 sententias
1107 2351 1396 2407 defendendo,
1423 2353 1468 2398 in
1504 2351 1681 2409 sacrile-

304 2428 420 2488 gium
439 2424 698 2477 schismatis,
718 2422 835 2484 quod
849 2422 993 2468 omnia
1008 2422 1164 2467 scelera
1181 2422 1529 2485 supergraditur,
1548 2422 1681 2468 caeci-

305 2494 638 2559 tateimpietatis
657 2493 868 2538 irruerent
892 2511 901 2537 :
924 2494 1035 2538 sicut
1058 2493 1125 2550 isti
1140 2494 1281 2539 miseri
1300 2493 1511 2542 fecerunt,
1535 2504 1576 2538 et
1600 2509 1678 2538 nec

352 2583 361 2606 l
384 2580 468 2612 vide
488 2582 520 2612 S.
539 2576 688 2621 Cypriani
707 2587 882 2607 sermonem
906 2577 943 2608 de
963 2577 1065 2620 lapsis.
