1894 3154
278 241 369 296 462
698 254 732 282 s.
774 252 1017 289 Avensa-im
1052 252 1255 287 Emscorl

279 337 387 382 quos
403 318 640 379 rigaverat3
670 335 720 363 ac
739 335 824 364 non
847 318 919 363 ille
942 317 1019 381 qui
1039 317 1097 363 eis
1116 318 1161 363 in
1183 316 1401 365 eredendo
1422 315 1551 365 fidem
1569 315 1648 363 de-

283 390 404 436 derat
426 407 438 435 ι
465 406 563 435 cum
586 389 701 446 idem
719 389 838 435 dicat
861 407 870 434 :
896 410 914 430 «
938 390 1029 447 Ego
1053 389 1266 452 plantavi,
1295 388 1452 452 Apollo
1473 387 1648 449 rigavit,

287 481 307 502 »
331 459 403 505 sed
427 464 542 504 Deus
559 460 873 505 incrementum
895 458 1015 504 dedit
1036 476 1046 504 ε
1070 459 1213 522 itaque
1236 476 1374 522 neque
1390 459 1465 522 qui
1485 458 1654 522 plantat

286 552 306 571 »
329 540 391 574 est
416 529 600 593 ahquid,
621 546 758 591 neque
781 530 857 591 qui
884 529 1020 587 rigat,
1044 528 1116 573 sed
1141 530 1218 591 qui
1240 531 1554 574 incrementum
1580 528 1656 574 dat

286 622 309 642 »
330 602 445 645 Deus
469 599 501 645 1.
524 622 538 639 »
565 601 653 644 Nec
672 599 791 644 radix
809 615 956 644 eorum
981 609 1072 643 erat
1089 599 1180 661 ipse
1195 635 1206 652 ‚
1233 599 1306 644 scd
1326 599 1471 662 potius
1489 598 1558 644 ille
1580 597 1658 661 qui

290 672 347 717 ait
369 689 378 715 ε
410 691 430 711 «
451 672 541 730 Ego
561 687 656 715 sum
674 670 789 726 vitis,
815 687 892 719 vos
913 671 1011 716 estis
1031 681 1242 716 sarmenta
1261 671 1294 717 2.
1323 693 1343 712 ›>
1370 672 1516 734 Caput
1529 669 1659 716 etiam

291 759 440 788 eorum
472 740 693 804 quomodo
726 757 812 786 esse
847 752 1020 804 poterat
1040 779 1050 798 ‚
1090 759 1188 787 cum
1225 741 1342 787 dicat
1374 759 1451 787 nos
1501 740 1661 787 multos

290 828 427 865 unum
459 828 544 856 esse
566 827 726 873 corpus
748 811 793 855 in
817 810 995 857 Christo
1014 849 1024 867 ‚
1055 812 1288 875 ipsumque
1323 811 1550 859 Christum
1585 828 1661 857 ca·-

291 894 373 945 put
407 899 491 927 esse
523 881 711 927 universi
756 882 980 944 corporis,
1020 882 1222 946 pluribus
1257 882 1362 931 locis
1398 881 1663 946 apertissime

292 953 506 1016 praedicet
525 955 542 997 Ξ)

359 1025 457 1069 Vll.
502 1024 782 1086 Quapropter
806 1023 892 1071 sive
920 1042 942 1069 a
966 1024 1082 1070 fideli
1099 1062 1109 1080 ‚
1137 1024 1223 1071 sive
1248 1043 1270 1070 a
1291 1024 1460 1088 perfido
1484 1024 1663 1088 dispen-

295 1105 433 1139 satore
453 1103 769 1138 sacramentum
789 1094 999 1156 baptismi
1023 1095 1205 1157 quisque
1232 1094 1447 1157 percipiat
1467 1131 1477 1147 ‚
1509 1098 1605 1157 spes
1630 1093 1668 1138 ei

298 1164 436 1211 omnis
457 1163 502 1207 in
535 1162 711 1208 Christo
744 1163 824 1217 sit,
852 1181 905 1209 ne
929 1164 982 1209 sit
1013 1164 1269 1210 maledictus
1293 1164 1369 1227 qui
1399 1181 1519 1227 spem
1548 1180 1670 1209 suam

298 1236 425 1299 ponit
442 1234 486 1280 in
510 1233 700 1280 homine.
731 1234 936 1298 Alioquin
962 1235 996 1281 si
1029 1235 1122 1281 talis
1146 1237 1330 1299 quisque
1355 1235 1401 1281 in
1422 1235 1558 1295 gratia
1577 1234 1671 1297 spi-

300 1306 416 1352 ritali
441 1304 703 1359 renascitur,
724 1305 864 1368 qualis
889 1316 950 1351 est
967 1305 1038 1351 ifle
1063 1324 1086 1351 a
1109 1323 1198 1369 quo
1215 1306 1490 1368 baptizatur,
1513 1306 1672 1350 etcum

300 1374 546 1422 manifestus
566 1384 626 1419 est
645 1374 720 1437 qui
746 1375 941 1438 baptizat
961 1376 1094 1421 honio
1123 1376 1263 1421 bonus
1278 1412 1287 1430 ‚
1309 1378 1399 1438 ipse
1419 1374 1493 1421 dat
1512 1374 1641 1420 fidem
1657 1409 1668 1430 ‚

300 1447 392 1509 ipse
419 1444 537 1504 origo
559 1454 600 1489 et
622 1443 742 1488 radix
775 1456 997 1508 caputque
1032 1445 1246 1490 nascentis
1282 1456 1373 1498 θεῖς
1403 1461 1504 1491 eum
1530 1454 1675 1489 autem

300 1516 405 1576 latet
427 1513 620 1578 perfidus
641 1514 889 1577 baptizator
905 1552 915 1570 ‚
943 1526 1049 1560 tune
1073 1516 1254 1578 quisque
1282 1533 1306 1560 a
1332 1515 1509 1560 Christo
1530 1513 1676 1577 perci-

300 1587 367 1650 pit
381 1585 511 1631 fidem
527 1621 537 1631 .
559 1595 665 1630 tune
682 1602 703 1629 a
724 1585 900 1631 Christo
918 1586 1041 1631 ducit
1055 1586 1262 1645 originem
1280 1622 1290 1641 ‚
1314 1595 1418 1630 tune
1435 1584 1479 1629 in
1499 1584 1677 1633 Christo

302 1656 524 1703 radicatur
540 1692 550 1709 ‚
582 1665 686 1700 tunc
713 1654 888 1702 Christo
913 1656 1054 1719 eapite
1082 1655 1290 1715 gloriatur
1315 1673 1324 1699 ε
1354 1654 1597 1718 optandum
1617 1663 1680 1700 est

304 1726 506 1772 omnibus
529 1724 606 1788 qui
635 1724 943 1787 baptizantur,
983 1736 1030 1771 ut
1065 1726 1354 1788 baptizatores
1379 1724 1569 1788 perfidos
1592 1723 1678 1771 ha-

303 1798 463 1853 beant,
494 1806 536 1841 ct
564 1795 762 1855 ignorent
782 1814 864 1843 eos.
906 1797 1161 1853 Quamlibet
1189 1798 1301 1844 enim
1327 1797 1464 1843 bonos
1501 1795 1677 1840 habue-

303 1868 417 1920 rint,
451 1866 652 1911 Christus
681 1877 742 1911 est
772 1866 920 1929 utique
949 1867 1351 1930 incomparabiliter
1383 1865 1532 1912 melior
1550 1902 1561 1920 ,
1600 1863 1678 1927 qui

305 1948 409 1982 tune
429 1936 508 1981 erit
533 1935 746 1996 baptizati
769 1947 925 1998 Caput,
960 1937 993 1981 si
1016 1937 1210 1999 perfidus
1230 1937 1362 1983 lateat
1377 1936 1637 1999 baptizator.

369 2007 491 2051 Vlll.
543 2004 675 2060 Quod
711 2005 742 2050 si
776 2005 1144 2051 dementissimum
1179 2017 1240 2051 est
1274 2005 1446 2050 credere
1484 2006 1675 2067 (semper

303 2077 417 2123 enim
440 2075 636 2121 [hristus
647 2075 1073 2139 justificatimpiuim
1092 2075 1290 2121 faciendo
1307 2075 1503 2137 eximpio
1524 2073 1673 2119 Chris‹

304 2150 467 2195 tianum
486 2185 496 2203 ‚
514 2163 681 2209 semper
694 2164 716 2191 a
733 2146 908 2192 Christo
928 2148 1171 2210 percipitur
1188 2146 1314 2201 fides,
1338 2163 1505 2208 semper
1523 2145 1672 2190 Chris-

306 2230 372 2265 tus
401 2229 460 2263 est
497 2217 615 2276 origo
645 2227 988 2275 regeneratorum
1024 2227 1065 2264 et
1098 2228 1234 2280 caput
1265 2216 1523 2278 Ecclesiae),
1565 2215 1674 2278 quid

304 2290 470 2336 habent
495 2286 698 2351 ponderis
718 2287 790 2332 illa
815 2288 970 2343 verba,
996 2305 1093 2350 quae
1111 2289 1208 2334 vani
1228 2288 1406 2333 lectores
1430 2304 1518 2332 nou
1542 2297 1676 2331 atten-

305 2360 416 2408 dunt
448 2358 554 2421 quid
584 2358 700 2402 intus
733 2357 952 2414 habeant,
989 2358 1063 2403 sed
1102 2369 1269 2404 tantum
1304 2356 1676 2421 quemadmodum

303 2433 484 2478 sonent?
510 2428 598 2484 Qui
625 2438 767 2472 autem
797 2444 883 2473 non
910 2445 1010 2473 aure
1041 2428 1130 2473 sola
1159 2428 1317 2490 excipit
1344 2444 1472 2474 voces
1489 2464 1500 2481 ‚
1533 2426 1608 2472 sed
1634 2436 1677 2471 et

303 2512 445 2549 mente
475 2498 702 2547 sententias
730 2497 948 2555 intuetur,
980 2515 1082 2545 cum
1112 2498 1298 2547 audierit
1321 2516 1331 2544 :
1359 2519 1379 2542 α
1398 2496 1675 2546 Conscientia

350 2582 360 2605 ¹
382 2595 394 2614 1
413 2584 488 2615 Cor.
506 2591 558 2620 111,
574 2581 607 2613 6.
626 2596 671 2603 —-
688 2581 785 2611 Joan.
804 2589 855 2618 xv,
873 2581 903 2611 5.
