1894 3154
356 251 440 299 188
769 268 802 298 s.
847 267 1090 298 Aucusrrm
1126 267 1328 298 EPISCOPI

347 352 368 374 »
388 331 494 378 dum
518 348 571 378 ne
595 331 818 392 tetigeritis
837 369 848 389 ,
872 343 913 378 et
934 349 1011 393 ego
1028 332 1235 396 recipiam
1257 349 1333 377 vos
1352 369 1362 389 ,
1385 342 1425 377 et
1443 349 1514 378 ero
1532 332 1656 378 vobis
1676 332 1722 378 in

353 422 375 444 »
392 413 559 466 patrem
577 439 588 459 ,
623 414 663 448 et
690 420 764 449 vos
792 403 907 448 eritis
931 403 1040 448 mihi
1062 404 1106 448 in
1131 403 1240 449 filios
1264 413 1304 447 et
1338 403 1471 459 filias,
1499 402 1607 448 dicit
1628 403 1721 448 Do-

350 494 372 516 »
391 474 534 519 minus
570 473 889 537 omnipotens1.
916 497 935 514 υ
965 474 1077 530 Quae
1104 473 1234 519 verba
1263 474 1333 518 isti
1360 473 1589 519 carnaliter
1625 490 1724 518 sen-

351 544 527 598 tientes,
554 561 632 606 per
660 554 723 588 tot
746 543 976 589 divisiones
993 560 1034 588 se
1049 543 1165 606 ipsos
1188 543 1436 588 minutatim
1454 543 1499 588 in
1520 543 1614 606 ipsa
1639 559 1725 587 una

353 613 500 660 Africa
524 612 778 659 concidunt.
816 614 915 657 Non
944 613 1058 658 enim
1090 612 1338 672 intelligunt
1370 612 1588 657 neminem
1615 628 1722 657 con-

345 683 472 743 jungi
491 698 590 728 cum
610 683 860 728 infidelibus
881 721 891 739 ,
915 684 993 728 nisi
1013 684 1089 747 qui
1111 682 1214 728 facit
1233 694 1413 746 peecata
1430 685 1723 742 Paganorum,

350 752 419 799 vel
439 752 538 798 talia
554 752 813 798 facientibus
826 752 963 807 favet3
981 770 1059 799 nec
1085 770 1347 817 quemquam
1363 753 1454 798 fieri
1469 753 1728 816 participem

349 822 607 885 iniquitatis,
643 823 723 868 nisi
756 823 831 886 qui
867 823 1019 886 iniqua
1050 823 1118 869 vel
1144 824 1232 883 agit
1264 823 1328 869 vel
1354 823 1586 886 approbat.
1619 820 1729 879 Q'uis

352 904 494 939 autem
520 894 818 939 communicat
850 894 1036 939 tenebris
1056 932 1067 951 ,
1100 895 1177 940 nisi
1207 894 1283 958 qui
1306 911 1384 957 per
1402 894 1601 939 tenebras
1620 910 1730 938 eon-

351 964 559 1009 sensiouis
582 981 670 1010 suae
689 963 864 1010 dimisso
886 965 1063 1010 Christo
1079 965 1274 1029 sequitur
1292 963 1457 1009 Belial?
1479 963 1588 1019 Quis
1606 963 1731 1026 ponit

353 1050 452 1079 cum
478 1033 729 1080 infidelibus
749 1045 918 1097 partem
949 1052 1069 1079 suam
1090 1072 1100 1091 ,
1135 1035 1215 1080 nisi
1238 1034 1315 1098 qui
1349 1037 1440 1093 eJ'us
1462 1033 1732 1078 infidelitatis

356 1103 406 1148 fit
432 1103 678 1166 particeps?
705 1104 769 1148 Ita
791 1104 903 1149 enim
929 1104 1142 1167 templum
1166 1104 1249 1149 Dei
1273 1120 1359 1148 esse
1377 1103 1561 1158 desinit,
1588 1119 1666 1148 nec
1691 1119 1733 1147 se

356 1172 477 1218 aliter
504 1171 748 1217 simulacris
769 1172 984 1233 adjungit.
1010 1174 1096 1229 Qui
1117 1184 1259 1219 autem
1285 1184 1386 1218 sunt
1414 1172 1626 1235 templum
1653 1171 1732 1217 Dei

355 1243 443 1289 vivi
463 1280 474 1300 ,
502 1253 544 1287 et
562 1242 606 1287 in
623 1243 766 1288 medio
786 1244 972 1288 nationis
991 1254 1193 1289 tortuosae
1215 1260 1263 1288 ac
1283 1259 1496 1306 perversae
1521 1252 1735 1305 apparent

357 1314 469 1359 sicut
487 1313 720 1359 luminaria
743 1315 786 1359 in
806 1314 971 1360 mundo
996 1315 1179 1360 verbum
1205 1314 1305 1359 vitae
1327 1314 1537 1359 habentes
1553 1314 1570 1343 2
1584 1350 1596 1370 ,
1622 1312 1734 1358 nihil

358 1401 428 1430 eos
451 1383 570 1447 quod
591 1401 673 1447 pro
700 1385 864 1429 unitate
888 1384 1073 1430 tolerant
1099 1385 1240 1430 inficit
1268 1402 1278 1429 ε
1308 1401 1387 1429 nec
1417 1393 1703 1444 angustantur
1720 1420 1731 1438 ,

358 1454 462 1518 quia
495 1454 539 1499 in
569 1454 652 1499 illis
687 1455 859 1501 habitat
894 1465 934 1500 et
964 1454 1216 1500 deambulat
1240 1455 1354 1500 Deus
1381 1472 1391 1499 ε
1424 1465 1466 1500 et
1496 1464 1650 1499 exeunt
1682 1452 1736 1499 de

358 1523 502 1568 medio
541 1523 782 1580 malorum,
819 1535 948 1588 atque
980 1536 1235 1587 separantur
1268 1525 1436 1570 interim
1474 1523 1604 1569 corde
1636 1541 1646 1568 ε
1683 1540 1736 1568 ne

358 1592 469 1638 forte
499 1609 600 1638 cum
635 1593 680 1638 id
716 1594 855 1639 facere
888 1612 964 1657 per
1000 1594 1250 1640 seditionem
1279 1595 1523 1640 schismatis
1553 1593 1732 1649 volunt,

360 1662 483 1725 prius
503 1681 524 1708 a
545 1663 672 1708 bonis
695 1664 971 1728 spiritaliter,
1006 1681 1138 1727 quam
1161 1683 1183 1710 a
1213 1665 1334 1710 malis
1363 1664 1646 1728 corporaliter
1668 1680 1737 1708 se-

360 1744 583 1796 parentur.

425 1805 676 1851 XXXVIII.
722 1806 853 1862 Quod
882 1823 981 1866 ergo
1020 1807 1232 1870 scriptum
1275 1817 1335 1852 est
1374 1807 1513 1852 Deum
1547 1804 1733 1851 dixisse:

360 1895 381 1916 c<
410 1875 493 1920 Eos
514 1876 588 1938 qui
613 1892 680 1920 me
699 1875 941 1921 clarificant
961 1913 970 1932 ,
993 1876 1269 1931 clarificabo3
1296 1877 1432 1940 etqui
1456 1894 1523 1922 me
1548 1875 1734 1939 spernit,

362 1945 691 2007 »spernetur3z
720 1967 734 1986 n
771 1946 852 2009 ipsi
890 1947 1072 1991 maxime
1106 1947 1262 1992 nolunt
1289 1947 1462 1994 intueri.
1506 1945 1739 2003 Quomodo

364 2015 477 2060 enim
505 2015 745 2061 clarificant
774 2018 909 2062 Deum
930 2054 940 2073 ,
968 2016 1043 2080 qui
1070 2016 1224 2062 dicunt
1250 2034 1330 2080 per
1354 2017 1504 2062 orbem
1528 2027 1738 2061 terrarum

361 2086 533 2149 impleri
558 2104 645 2132 non
670 2104 794 2150 posse
816 2091 906 2147 ejus
929 2087 1138 2150 promissa
1158 2124 1168 2143 ,
1191 2104 1290 2150 quae
1314 2087 1515 2151 promisit
1539 2086 1740 2149 patribus

364 2157 574 2211 nostris⁴,
600 2157 819 2215 Abraha,
846 2159 989 2212 Isaac,
1014 2168 1054 2203 et
1077 2159 1218 2203 Jacob
1234 2175 1365 2222 ,quae
1389 2175 1468 2220 pei
1490 2156 1734 2219 Prophetas

360 2238 480 2273 tanto
501 2239 597 2273 ante
621 2230 950 2307 praenuntians,
975 2229 1173 2274 exhibuit
1192 2246 1270 2291 per
1292 2229 1478 2274 Unicum
1498 2244 1641 2283 suum,
1661 2226 1738 2290 qui

362 2297 500 2344 factus
521 2308 583 2343 est
602 2299 638 2343 ei
665 2316 711 2344 ex
737 2300 894 2344 semine
928 2298 1067 2344 Daxid
1099 2299 1336 2344 secundum
1373 2315 1575 2353 calnem,
1613 2306 1661 2341 ut
1694 2295 1738 2341 in

361 2367 464 2424 illo,
495 2368 539 2414 id
572 2380 660 2424 est,
694 2370 737 2414 in
778 2370 937 2415 semine
979 2370 1076 2414 Abi
1071 2369 1168 2414 thre
1193 2369 1555 2414 benedicerentur
1591 2383 1739 2412 omnes

361 2449 505 2498 gentes
526 2455 538 2478 ·-
574 2440 649 2503 qui
679 2440 832 2486 dicunt
867 2441 1010 2505 ipsum
1043 2442 1122 2486 Dei
1165 2440 1319 2485 Filium
1353 2439 1511 2485 frustra
1550 2437 1736 2484 dixisse:

407 2542 455 2570 ¹2
475 2542 552 2575 Cor.
574 2552 615 2577 vr,
640 2544 751 2579 14-18,
770 2549 798 2574 et
820 2543 917 2575 Lex-it.
935 2555 1023 2585 xxxx,
1051 2555 1147 2576 ¹2.—
1166 2542 1317 2586 21211'1131).
1340 2552 1377 2584 ιι,
1400 2543 1450 2579 15,
1475 2542 1576 2574 1('›‚—
1598 2536 1739 2580 31Reg.

363 2603 402 2626 ιι,
425 2591 770 2633 30.-⁴Rom.1‚2.
