1894 3154
313 251 485 281 CONTRA
520 250 763 280 EPISTOLAM
801 249 1098 290 PARMEMANI,
1138 251 1224 280 LIR.
1268 252 1334 281 111.
1444 250 1526 281 201

169 315 252 360 lioc
287 316 368 360 alio
392 316 487 360 loco
513 316 603 358 ait:
643 335 663 353 «
691 314 948 358 Suffercntes
979 313 1164 359 inxicem
1199 315 1243 359 in
1275 315 1531 369 dilectione,

168 407 188 427 υ
207 386 425 431 studentes
448 401 612 430 servare
633 385 842 429 unitatem
862 385 1041 446 spiritus
1065 385 1109 428 in
1136 384 1311 429 vinculo
1329 385 1492 447 pacis&
1516 407 1536 426 »

170 458 278 501 Nam
305 467 346 500 et
375 457 417 500 in
436 455 509 500 illo
536 455 758 500 Pliarisaeo
781 454 1002 500 modicum
1023 454 1279 500 fermentum
1304 471 1390 499 esse
1415 455 1539 500 vide-

168 526 298 570 batur
314 563 323 579 ‚
350 525 451 589 quia
473 537 746 588 peccatorem
773 542 857 569 non
883 524 1021 570 solum
1046 542 1132 570 non
1155 525 1359 580 dolebat,
1382 524 1452 570 sed
1474 541 1541 570 su-

168 612 246 658 per
266 600 356 655 ejus
375 606 551 658 peccata
573 594 626 640 de
645 595 728 640 suis
747 612 788 639 se
805 595 966 640 meritis
983 595 1227 642 extollebat.
1261 595 1345 640 Sed
1364 594 1538 640 descen-

168 665 232 709 dit
251 665 321 709 illc¹
341 666 548 710 confitens
569 676 746 727 peccata
770 682 843 709 sua
864 702 873 720 ,
893 665 1158 724 justificatus
1175 666 1306 725 magis
1319 683 1450 730 quam
1468 664 1540 710 ille

169 735 413 781 Pharisaeus
427 739 597 795 jactans
616 735 766 780 merita
791 752 865 780 sua
891 754 900 780 ε
931 757 949 776 α
970 736 1190 792 Quoniam
1208 738 1284 799 qui
1305 754 1346 781 se
1364 735 1536 789 exaltat,

169 826 189 846 »
206 805 539 860 humiliabitur,
562 816 603 850 et
623 806 697 868 qui
719 823 760 850 se
781 805 1000 861 humiliat,
1023 806 1321 852 exaltabitur2.
1348 827 1368 846 »
1391 803 1542 867 Sequi-

169 886 242 920 tur
265 892 363 935 ergo
387 875 618 938 Apostolus
636 912 647 931 ,
671 886 712 920 et
732 875 839 921 dicit
860 894 869 920 :
896 897 916 918 «
939 877 1183 939 Expurgate
1200 887 1322 922 vetus
1353 876 1542 921 fermen-

170 966 190 986 υ
209 955 300 990 tum
320 982 331 1001 ,
368 956 417 990 ut
448 947 537 990 sitis
568 961 678 991 nova
715 946 991 1008 conspersi0‚
1036 947 1148 991 sicut
1175 947 1273 991 estis
1301 945 1484 1009 azymiss.
1522 966 1542 985 »

171 1015 290 1072 Quid
317 1026 406 1070 est,
447 1027 495 1060 ut
526 1016 643 1068 sitis;
672 1026 713 1060 et
747 1016 855 1078 quid
890 1027 979 1071 est,
1011 1018 1124 1062 sicut
1157 1017 1254 1062 estis
1285 1034 1295 1061 :
1333 1017 1413 1061 nisi
1441 1015 1543 1078 quia

171 1096 295 1132 erant
315 1086 377 1131 ihi
402 1086 506 1132 tales
522 1123 533 1142 ‚
555 1097 676 1132 erant
701 1087 763 1132 ibi
784 1105 870 1132 non
888 1087 992 1132 tales
1009 1125 1019 1141 ,
1046 1104 1154 1151 quos
1173 1099 1222 1133 ut
1249 1087 1353 1133 tales
1373 1097 1511 1133 essent
1528 1123 1540 1142 ‚

169 1156 360 1219 exemplo
382 1156 532 1201 talium
559 1158 896 1203 commonebat?
917 1158 1079 1202 Tamen
1102 1176 1250 1204 omnes
1268 1159 1311 1204 in
1338 1175 1425 1203 uno
1450 1167 1542 1202 tan-

171 1243 300 1289 quam
327 1226 496 1271 eosdem
524 1226 728 1272 admonet
744 1264 754 1283 ‚
777 1245 830 1272 ne
854 1227 916 1272 illi
937 1229 1013 1291 qui
1044 1228 1146 1273 tales
1164 1239 1313 1284 erant,
1337 1227 1545 1290 despera-

171 1306 264 1341 rent
290 1296 342 1341 de
366 1296 437 1341 his
453 1296 528 1358 qui
549 1296 743 1341 nondum
764 1296 864 1342 tales
883 1308 1003 1342 erant
1023 1335 1033 1352 ‚
1055 1309 1096 1342 et
1117 1315 1186 1343 eos
1212 1297 1265 1343 ad
1289 1313 1544 1360 compagem

172 1366 235 1411 sui
257 1366 450 1429 corporis
478 1383 563 1411 non
590 1366 804 1428 pertinere
840 1367 1183 1424 arbitrarentur,
1218 1379 1423 1430 tanquam
1449 1383 1546 1411 eos-

173 1435 268 1481 dem
306 1436 511 1481 admonet
543 1453 643 1481 cum
668 1436 802 1492 dicit,
840 1447 888 1482 ut
912 1438 1002 1482 sitis
1037 1437 1148 1482 sicut
1176 1438 1288 1484 estis,
1326 1437 1546 1482 Noveram:

172 1506 284 1550 enim
305 1517 346 1550 et
363 1503 620 1568 illi'quijam
640 1507 698 1551 sic
719 1517 839 1551 erant
858 1544 867 1561 ,
890 1517 931 1551 et
950 1507 1210 1553 admonente
1228 1506 1437 1570 Apostolo
1456 1523 1546 1551 ma-

174 1577 235 1636 gis
260 1577 478 1639 magisque
507 1594 627 1621 nosse
652 1577 872 1622 debebant
892 1615 902 1630 ‚
930 1580 1103 1624 sufferre
1130 1579 1226 1624 illos
1246 1579 1323 1642 qui
1348 1576 1545 1622 nondum

174 1647 234 1691 sic
255 1657 398 1700 erant,
429 1657 477 1691 ut
508 1646 748 1691 sufferendo
772 1647 957 1692 invicem
980 1649 1024 1692 in
1046 1648 1302 1705 dilectione,
1330 1656 1547 1693 servarent

177 1717 383 1761 unitatem
410 1716 585 1779 spiritus
604 1717 649 1761 in
671 1716 848 1762 vinculo
874 1718 993 1780 pacis
1010 1755 1020 1773 ‚
1045 1728 1086 1763 et
1111 1718 1298 1764 invicem
1317 1735 1446 1763 onera
1472 1733 1548 1761 sua

175 1797 396 1849 portantes
415 1823 424 1841 ,
449 1787 678 1850 implerent
697 1788 846 1851 utique
862 1788 997 1847 legem
1019 1788 1208 1844 Christi,
1229 1806 1316 1852 qua
1337 1788 1550 1833 Dominus

176 1867 320 1902 noster
342 1858 464 1901 Jesus
491 1858 691 1902 Christus
715 1857 768 1902 ad
789 1858 1032 1903 docendam
1058 1859 1319 1903 humilitatis
1339 1858 1454 1903 viam
1474 1873 1549 1901 us-

177 1943 261 1988 que
287 1926 338 1971 ad
365 1937 545 1972 mortem
564 1927 706 1972 crucis
727 1928 950 1973 humiliari
970 1928 1171 1988 dignatus
1189 1940 1268 1984 est,
1286 1939 1326 1974 et
1343 1939 1550 1991 tanquam

177 1996 372 2041 medicus
391 2008 648 2055 &egrotantes
667 2034 677 2052 ,
700 1996 760 2042 ita
786 2015 886 2043 cum
913 1998 1144 2044 dilectione
1164 1998 1344 2062 pertulit
1360 2014 1552 2061 peccan-

178 2076 264 2119 tes,
301 2066 354 2112 de
384 2067 546 2130 quibus
574 2067 764 2112 dixerat:
792 2091 810 2109 «
834 2070 932 2113 Non
964 2080 1027 2114 est
1053 2086 1164 2131 opus
1196 2069 1307 2114 sanis
1330 2067 1548 2122 medicus,

180 2158 200 2178 υ
219 2137 290 2182 sed
326 2137 681 2197 aegrotzintibush.
716 2160 735 2179 υ
770 2140 1013 2201 Statimque
1038 2139 1293 2202 '‘principale
1323 2137 1556 2201 proposuit

178 2207 420 2270 exemplum
447 2209 593 2253 dicens
616 2226 626 2252 ε
654 2229 672 2249 α
696 2210 865 2254 Etenim
892 2209 1062 2254 Pascha
1088 2219 1282 2254 nostrum
1305 2207 1553 2254 immolatus

181 2299 201 2319 ›>
219 2288 279 2322 est
298 2278 526 2324 Cliristus5
550 2296 560 2323 ε
584 2300 603 2319 n
624 2289 671 2324 ut
686 2289 818 2325 tantae
841 2280 1100 2325 humilitatis
1118 2279 1313 2342 exemplo
1340 2279 1554 2324 discerent

179 2365 414 2410 expurgare
433 2359 555 2395 vetus
576 2348 835 2395 fermentum
855 2387 864 2405 ‚
890 2349 933 2394 id
959 2359 1020 2394 est
1040 2387 1050 2405 ‚
1083 2349 1303 2412 quidquid
1329 2349 1375 2394 in
1395 2348 1454 2393 eis
1477 2364 1553 2393 su-

180 2418 347 2481 perbiae
370 2419 424 2465 de
446 2420 578 2465 veteri
609 2419 789 2465 homine
812 2420 1094 2466 remansisset.
1126 2441 1146 2461 α
1167 2421 1320 2483 Itaque
1335 2457 1345 2476 ,
1380 2418 1550 2482 inquit,

230 2519 239 2541 ¹
260 2519 373 2562 Ephes.
396 2533 440 2556 xv,
460 2532 492 2554 2,
513 2539 550 2544 —-
570 2519 585 2543 2
605 2523 679 2552 Luo.
695 2529 918 2561 xv111,14.—
935 2520 948 2544 3
971 2534 983 2552 1
1003 2523 1074 2555 Cor.
1093 2533 1124 2561 v,
1147 2535 1176 2562 7.
1192 2542 1236 2547 --
1254 2520 1267 2544 ⁴
1289 2521 1405 2554 Manli*
1428 2532 1472 2560 1x‚
1498 2532 1553 2554 12·

181 2590 225 2596 —
239 2570 377 2606 ⁵1Cor.
394 2585 427 2616 v,
445 2586 476 2612 7.
