1894 3154
347 187 440 236 380
768 204 802 236 s.
846 203 1088 236 AUGusrlm
1125 204 1326 238 EPISCOPI

349 290 371 311 »
386 268 517 314 bonae
534 267 846 330 interrogati01.
868 291 888 312 >2
907 270 1186 334 Quapropter
1200 270 1233 316 si
1248 272 1725 334 apparenthominibus

348 338 395 384 in
422 339 583 385 unitate
608 339 825 385 catholica
854 340 1062 403 baptizati
1082 377 1092 396 ,
1114 341 1190 403 qui
1211 341 1368 386 saeculo
1391 342 1534 388 verbis
1560 343 1659 388 solis
1683 354 1725 389 et

349 424 437 453 non
456 407 580 455 factis
603 409 878 466 renuntiant,
900 409 1119 472 quomodo
1136 410 1357 474 pertinent
1377 412 1431 457 ad
1459 412 1593 472 hujus
1614 429 1726 458 arcae

349 479 628 541 mysterium,
667 480 713 525 in
745 480 907 543 quibus
932 498 1019 526 non
1042 492 1104 527 est
1129 482 1403 528 conscientiae
1428 482 1558 528 bonae
1589 482 1728 528 inter-

349 549 551 607 rogatio?
570 550 657 594 Aut
672 549 893 612 quomodo
914 549 1020 595 salvi
1045 550 1158 596 fiunt
1176 568 1254 613 per
1278 569 1454 614 aquam,
1477 552 1554 615 qui
1579 562 1727 597 sancto

349 616 611 678 baptismate
631 617 741 663 male
761 628 943 674 utentes,
962 636 1063 664 cum
1084 619 1314 665 videantur
1333 637 1419 666 esse
1441 621 1575 677 intus,
1595 637 1729 684 usque

350 685 395 730 in
420 687 550 732 finem
574 687 675 733 vitae
701 688 746 732 in
775 688 994 748 flagitiosis
1026 700 1066 735 et
1096 689 1277 753 perditis
1300 691 1497 737 moribus
1527 708 1729 754 perseve-

350 759 483 802 rant?
511 758 599 802 Aut
623 758 844 821 quomodo
868 777 956 805 non
989 771 1088 806 sunt
1122 778 1200 823 per
1224 778 1382 825 aquam
1414 762 1594 819 salvati,
1623 779 1731 825 quos

352 826 398 872 in
423 828 695 889 praeteritum
714 846 815 874 curn
840 847 888 875 eo
917 831 1178 894 baptismate
1198 868 1209 887 ‚
1235 831 1354 895 quod
1376 831 1420 877 in
1438 831 1593 877 haeresi
1614 848 1731 877 acce-

351 907 540 960 perant,
584 898 628 943 in
675 899 911 945 Ecclesiam
947 901 1204 964 simpliciter
1240 901 1447 947 admissos
1485 902 1733 965 Cyprianus

351 968 443 1030 ipse
470 973 813 1016 commemorat?
839 970 1001 1016 Eadem
1026 972 1192 1035 quippe
1213 989 1324 1018 arcae
1343 972 1485 1018 unitas
1509 989 1578 1018 eos
1596 973 1733 1019 salvos

353 1038 484 1093 fecit,
526 1040 571 1083 in
609 1056 695 1102 qua
733 1058 859 1086 nemo
889 1042 971 1087 nisi
1002 1059 1078 1105 per
1112 1059 1268 1106 aquam
1307 1043 1493 1088 salvatus
1521 1054 1597 1089 est.
1636 1044 1734 1106 Ipse

354 1109 469 1154 enim
493 1108 601 1155 dicit
619 1127 630 1154 x
653 1131 671 1150 α
693 1112 852 1156 Potens
870 1121 930 1156 est
945 1113 1159 1157 Dominus
1178 1112 1474 1157 misericordia
1496 1129 1571 1157 sua
1589 1111 1735 1158 indul-

355 1179 543 1240 gentiam
574 1179 697 1237 dare,
737 1191 779 1226 et
804 1198 873 1227 eos
902 1182 978 1245 qui
1005 1181 1060 1227 ad
1095 1182 1333 1228 Ecclesiam
1365 1182 1622 1245 simpliciter
1654 1181 1735 1227 ad-

355 1250 499 1307 missi,
526 1250 573 1295 in
597 1250 789 1297 Ecclesia
813 1252 1111 1309 dormierunt,
1145 1254 1199 1298 ab
1231 1252 1434 1298 Ecclesiae
1469 1270 1557 1298 suae
1580 1269 1737 1298 mune-

354 1319 475 1364 ribus
499 1337 588 1365 non
613 1338 811 1384 separare
825 1322 857 1369 2.
888 1343 909 1364 >2
936 1322 980 1367 Si
1009 1339 1097 1367 non
1121 1338 1200 1385 per
1224 1340 1380 1386 aquam
1398 1359 1409 1377 ,
1444 1322 1664 1385 quomodo
1690 1323 1737 1368 in

358 1393 487 1436 arca?
507 1391 553 1436 Si
566 1409 654 1437 non
677 1392 722 1436 in
746 1409 845 1438 arca
864 1429 875 1449 ‚
902 1391 1123 1455 quomodo
1139 1392 1184 1438 in
1198 1392 1422 1438 Ecclesia?
1457 1393 1501 1438 Si
1527 1403 1667 1438 autem
1693 1393 1738 1438 in

356 1461 579 1518 Ecclesia,
617 1462 768 1526 utique
802 1463 847 1508 in
888 1480 986 1508 arca
1019 1480 1029 1507 :
1067 1473 1109 1508 et
1152 1462 1186 1507 si
1227 1462 1273 1507 in
1308 1479 1436 1513 arca,
1475 1463 1625 1526 utique
1660 1481 1739 1526 per

359 1548 530 1594 aquam.
573 1535 720 1578 Potest
744 1550 842 1592 ergo
868 1534 959 1579 fieri
977 1570 986 1586 ‚
1020 1543 1068 1579 ut
1098 1544 1140 1579 et
1171 1532 1354 1596 quidam
1377 1533 1480 1579 foris
1496 1534 1708 1596 baptizati
1725 1571 1735 1590 ‚

356 1620 434 1666 per
459 1603 538 1648 Dei
561 1603 880 1666 praescientiam
907 1604 1049 1649 verius
1071 1603 1187 1649 intus
1210 1603 1421 1666 baptizati
1441 1603 1706 1667 deputentur
1725 1624 1737 1658 3

359 1674 461 1738 quia
495 1673 584 1719 illic
621 1676 679 1719 eis
716 1692 828 1738 aqua
863 1675 1021 1738 incipit
1043 1674 1246 1738 prodesse
1277 1674 1330 1721 ad
1356 1675 1568 1728 salutem3
1600 1691 1741 1738 neque

357 1744 475 1790 enim
492 1745 614 1790 aliter
633 1744 720 1790 dici
740 1755 921 1808 possunt
938 1744 1042 1791 salvi
1060 1744 1166 1790 facti
1178 1745 1223 1789 in
1243 1761 1341 1789 arca
1356 1744 1437 1789 nisi
1456 1761 1534 1808 per
1554 1761 1708 1807 aquam
1727 1761 1738 1789 z

357 1826 399 1860 et
432 1832 580 1861 rursus
617 1815 797 1879 quidam
815 1853 827 1872 ,
864 1816 941 1879 qui
963 1815 1227 1861 videbantur
1257 1814 1374 1860 intus
1397 1814 1638 1878 baptizati,
1665 1831 1744 1877 per

357 1886 551 1930 eamdem
588 1886 908 1948 praescientiam
942 1886 1022 1931 Dei
1057 1885 1160 1931 foris
1198 1885 1410 1948 baptizati
1436 1884 1576 1931 verius
1596 1884 1742 1948 depu-

354 1965 502 2000 tentur
525 1973 535 2000 :
565 1955 675 2000 male
701 1956 866 2019 quippe
893 1966 1061 2001 utentes
1081 1956 1301 2018 baptismo
1321 1992 1331 2010 ‚
1361 1972 1438 2017 per
1462 1972 1615 2017 aquam
1638 1973 1738 2000 mo-

357 2026 558 2079 riuntur3
586 2024 706 2088 quod
732 2024 841 2071 nulli
868 2036 973 2071 tunc
994 2024 1184 2079 accidit,
1211 2023 1293 2069 nisi
1317 2023 1392 2086 qui
1418 2033 1577 2086 praeter
1597 2041 1743 2069 arcam

356 2095 454 2141 fuit.
484 2095 610 2141 Certe
633 2094 912 2141 manifestum
939 2105 1001 2140 est
1019 2131 1031 2151 ,
1059 2094 1105 2140 id
1128 2093 1249 2157 quod
1276 2093 1453 2149 dicitur,
1483 2094 1528 2138 in
1553 2093 1745 2140 Ecclesia

356 2165 475 2211 intus
513 2175 555 2211 et
594 2165 696 2211 foris
714 2203 724 2222 ‚
751 2165 797 2211 in
828 2165 958 2211 corde
978 2202 989 2222 ‚
1018 2182 1107 2210 non
1140 2164 1185 2209 in
1215 2180 1398 2226 corpore
1435 2162 1743 2223 cogitandum3

356 2235 713 2300 quandoquidem
752 2254 926 2291 omnes,
958 2236 1034 2299 qui
1072 2234 1202 2281 corde
1239 2245 1340 2280 sunt
1373 2233 1516 2290 intus,
1553 2233 1600 2278 in
1633 2251 1747 2279 arcae

354 2307 519 2352 unitate
543 2325 619 2370 per
643 2308 842 2353 eamdem
863 2324 1018 2372 aquarn
1045 2305 1151 2351 salvi
1169 2306 1306 2362 fiunt,
1334 2321 1412 2368 per
1432 2321 1566 2367 quam
1587 2320 1693 2349 omn
1705 2322 1748 2352 es

357 2377 434 2442 qui
468 2378 600 2424 corde
631 2390 732 2425 sunt
755 2378 885 2435 foris,
913 2378 999 2424 sive
1027 2377 1156 2424 etiam
1177 2392 1360 2439 corpore
1384 2375 1487 2421 foris
1508 2374 1594 2420 sint
1610 2411 1621 2431 ,
1655 2375 1746 2422 sive

356 2466 445 2494 non
478 2449 585 2505 sint,
613 2460 822 2514 tanquam
858 2448 1036 2496 unitatis
1062 2447 1294 2495 adversarii
1324 2446 1589 2497 moriuntur.
1625 2445 1749 2493 Sicut

403 2533 413 2556 ¹
435 2545 444 2565 1
469 2536 551 2566 Petr.
570 2545 620 2574 111,
645 2545 696 2568 20.
715 2550 759 2558 —-
779 2533 794 2557 2
813 2538 849 2567 In
867 2533 1010 2578 Epistola
1030 2536 1082 2575 73.
1097 2533 1137 2566 ad
1155 2531 1301 2566 anaian·
1318 2541 1361 2565 m.
