1894 3154
332 259 425 315 468
743 276 775 305 s.
823 275 1062 304 Arcusrlm
1098 274 1301 304 EPISCOPI

331 340 378 385 id
398 357 541 386 secum
560 350 704 385 actum
727 339 1015 385 misericordia
1033 340 1130 395 Dei,
1156 351 1201 385 ut
1215 339 1420 403 quoniam
1441 340 1704 388 catholicam

332 410 571 456 Ecclesiam
612 410 726 456 falsis
758 410 1013 455 criminibus
1048 411 1336 465 accusabant,
1371 428 1558 474 quorum
1581 412 1705 476 quasi

332 483 588 541 contagione
615 482 790 527 nimiam
825 482 1093 526 sanctitatem
1118 498 1237 526 suam
1264 482 1556 527 contaminare
1581 482 1706 528 nole-

329 551 456 607 bant,
485 569 582 597 vera
609 563 651 596 et
670 551 853 596 maxima
876 550 1057 595 crimina
1082 571 1101 590 c<
1130 550 1317 595 Plenarii
1340 552 1511 596 concilii
1543 553 1609 597 sui
1628 569 1705 598 ve-

329 621 489 676 ridico,
517 623 628 667 sicut
652 622 825 676 dicunt,
853 637 923 665 ore
943 619 1165 674 damnata,
1191 642 1210 661 >2
1243 637 1388 665 rursus
1418 621 1606 684 recipere
1626 639 1705 684 per

331 692 486 754 Optati
514 690 765 736 Gildoniani
790 707 970 750 regnum
991 726 1001 745 ‚
1038 700 1080 734 et
1101 689 1183 734 sibi
1219 690 1385 735 sociare
1428 703 1697 751 cogerentur.

327 762 353 806 J
358 779 426 807 am
455 761 627 806 tandem
653 760 838 806 sentiant
861 758 1233 822 quemadmodum
1256 760 1364 805 veris
1379 777 1556 806 suorum
1570 762 1705 808 scele-

326 832 450 878 ribus
471 832 753 894 impleantur,
783 831 859 893 qui
896 831 940 875 in
973 829 1126 875 fratres
1163 846 1260 875 suos
1296 829 1401 876 falsa
1426 832 1700 891 confingunt,

328 920 428 967 quae
447 903 481 947 si
501 903 629 947 etiam
649 919 749 947 vera
773 902 989 955 dixissent,
1013 904 1104 959 jam
1130 900 1303 945 tandem
1326 902 1478 946 sentire
1498 902 1705 948 deberent

327 984 489 1036 quanta
510 973 594 1018 sint
613 990 693 1035 pro
713 989 820 1035 pace
843 970 1079 1025 toleranda,
1103 981 1143 1015 et
1166 988 1246 1033 pro
1264 987 1371 1033 pace
1389 971 1553 1016 Christi
1569 972 1705 1017 redire

329 1043 383 1087 ad
409 1043 645 1088 Ecclesiam
665 1060 765 1105 quae
789 1059 877 1087 non
900 1041 1124 1086 danmavit
1162 1040 1401 1100 incognita,
1433 1042 1466 1086 si
1492 1059 1573 1105 pro
1598 1059 1705 1105 pace

330 1113 493 1158 Donati
505 1113 671 1175 placuit
695 1129 894 1158 revocare
914 1111 1132 1157 damnata.

392 1183 484 1230 XV.
520 1185 674 1246 Itaque
711 1182 854 1237 nobis,
882 1181 1052 1235 fratres,
1077 1180 1163 1226 hoc
1188 1197 1323 1225 unum
1344 1181 1462 1244 quod
1487 1181 1539 1227 de
1567 1182 1706 1227 Maxi-

326 1254 535 1299 mianistis
563 1253 683 1317 apud
707 1269 777 1297 eos
795 1250 958 1296 factum
983 1261 1061 1304 est,
1089 1250 1142 1295 ad
1162 1267 1231 1295 eos
1256 1250 1551 1298 admonendos
1574 1253 1706 1298 corri-

328 1324 572 1386 gendosque
591 1323 773 1369 sufficiat
796 1339 806 1365 :
828 1338 916 1365 non
946 1331 1089 1365 vetera
1111 1320 1290 1365 archiva
1316 1320 1588 1377 discutimus,
1617 1339 1706 1367 non

328 1394 505 1456 antiqua
544 1393 726 1438 armaria
760 1390 1032 1444 ventilamus,
1069 1406 1156 1434 non
1181 1389 1236 1434 ad
1276 1390 1538 1454 longinquas
1576 1403 1706 1437 terras

326 1474 517 1508 nostram
554 1463 859 1525 probationem
903 1460 1265 1512 transmittimus3
1302 1461 1373 1505 sed
1397 1472 1707 1524 sequestramus

326 1533 469 1578 omnia
494 1544 738 1578 nostrorum
765 1531 1026 1576 documenta
1050 1533 1264 1589 majorum
1283 1567 1293 1585 ‚
1328 1531 1564 1577 differimus
1583 1531 1706 1577 testi-

327 1606 471 1649 monia
497 1615 585 1649 toto
610 1615 817 1649 terrarum
840 1601 945 1645 orbe
970 1600 1217 1647 clamantia.

387 1675 505 1720 XVI.
526 1675 637 1719 Ecce
654 1674 889 1718 Mustitana
902 1681 943 1715 et
959 1670 1209 1715 Assuritana
1230 1671 1444 1726 civitates,
1473 1682 1706 1735 supersunt

326 1746 473 1792 adhuc
493 1746 537 1791 in
552 1746 635 1790 hac
655 1745 742 1789 vita
768 1754 808 1788 et
842 1742 887 1786 in
902 1741 985 1785 hac
1003 1741 1229 1803 provincia
1247 1742 1324 1804 qui
1339 1759 1380 1787 se
1404 1742 1706 1802 disjunxerunt

328 1827 370 1862 et
393 1835 415 1862 a
437 1817 598 1880 quibus
622 1813 828 1874 disjuncti
856 1822 973 1867 sunt,
997 1811 1072 1873 qui
1092 1811 1226 1857 altare
1253 1823 1474 1857 erexerunt
1491 1824 1533 1859 et
1550 1824 1702 1859 contra

329 1904 437 1949 quos
456 1896 695 1937 erexerunt,
725 1884 802 1946 qui
820 1883 1086 1927 damnarunt
1110 1893 1151 1927 et
1177 1882 1252 1945 qui
1270 1881 1466 1928 damnati
1485 1894 1603 1939 sunt,
1630 1883 1706 1947 qui

328 1966 585 2019 receperunt
610 1967 652 2000 et
675 1955 751 2017 qui
774 1953 936 2015 recepti
963 1963 1080 2007 sunt,
1107 1954 1185 2014 qui
1204 1952 1306 1998 foris
1324 1954 1536 2017 baptizati
1548 1965 1648 2000 sunt
1667 1964 1707 2000 et

329 2028 445 2072 intus
466 2025 719 2087 rebaptizati
744 2041 830 2069 non
844 2033 942 2067 suut
964 2039 973 2066 ε
995 2022 1028 2066 si
1051 2023 1151 2066 haec
1174 2039 1255 2085 pro
1283 2023 1446 2069 unitate
1464 2024 1702 2080 maculant,

330 2095 536 2142 maculati
575 2094 870 2157 comprimant
896 2109 1077 2137 vocem:
1105 2092 1140 2138 si
1182 2092 1279 2138 haec
1324 2110 1406 2155 pro
1431 2094 1592 2139 unitate
1618 2111 1707 2140 non

328 2166 567 2221 maculant,
591 2165 772 2211 correcti
799 2162 994 2209 auferant
1013 2162 1148 2209 litem.

396 2237 537 2282 RVH.
581 2239 675 2280 Jam
692 2235 826 2279 verba
850 2232 1056 2296 lipistolae
1081 2249 1168 2277 suae
1197 2232 1267 2277 ille
1290 2232 1381 2295 ipse
1410 2234 1486 2296 qui
1513 2234 1701 2297 scripsit,

329 2307 523 2356 irrideah
556 2306 632 2368 qui
660 2315 867 2367 usurpato
892 2303 1065 2348 indocte
1090 2320 1139 2347 ac
1158 2302 1422 2349 mendaciter
1443 2304 1702 2361 testimoniQ

331 2394 420 2440 quo
445 2377 654 2437 scriptum
680 2384 993 2420 commemorat
1014 2391 1024 2418 :
1046 2395 1066 2414 α
1086 2373 1174 2428 Qui
1193 2374 1443 2436 baptizatur
1466 2393 1488 2420 a
1509 2385 1701 2430 mortuo,

330 2468 352 2489 ³>
372 2446 476 2510 quid
497 2447 531 2490 ei
546 2445 723 2507 prodest
737 2445 893 2490 lavatio
912 2443 1057 2504 ers19
1074 2465 1094 2485 ›>
1112 2454 1294 2489 conatur
1308 2444 1432 2490 nobis
1453 2443 1674 2490 ostendere
1691 2462 1701 2489 :

331 2534 351 2553 t<
371 2515 594 2566 Quatenus
619 2509 804 2555 traditor
821 2511 910 2556 vita
936 2519 1132 2554 mortuus
1155 2508 1383 2556 habeatur.
1413 2531 1433 2551 >›
1455 2511 1512 2555 Et
1543 2508 1705 2569 adjun—

379 2596 387 2617 ¹
410 2593 502 2625 rodi.
520 2603 633 2632 xxxiv,
653 2594 702 2626 30,
