1894 3154
557 281 612 311 DE
645 280 900 319 TRINITATE,
941 280 1025 309 LIB.
1072 281 1161 309 xlv.
1506 282 1555 310 21

180 362 266 391 non
288 345 347 390 sie
370 355 431 390 est
453 362 463 389 :
485 361 624 407 neque
640 345 754 389 enim
772 343 1006 390 adventitia
1026 344 1109 388 sibi
1127 345 1219 406 ipsa
1244 354 1305 388 est
1324 380 1334 400 ,
1360 344 1481 406 quasi
1501 345 1556 389 ad

179 433 220 461 se
237 416 375 478 ipsam
400 431 500 478 quae
514 418 607 473 jam
633 425 753 470 erat,
776 414 940 459 venerit
966 413 1140 458 aliunde
1169 413 1316 458 eadem
1342 413 1436 476 ipsa
1456 430 1556 475 quae

177 503 266 530 non
280 494 398 538 erat3
422 494 597 529 autnon
619 483 792 529 aliunde
816 484 1002 539 venerit,
1025 483 1157 528 sedin
1180 499 1221 527 se
1239 483 1332 545 ipsa
1353 486 1554 544 quaejam

177 564 267 601 erat
284 591 294 611 ,
315 566 416 600 nata
445 555 497 600 sit
529 572 576 600 ea
607 555 701 617 ipsa
724 571 824 618 quae
842 571 931 598 non
948 564 1064 607 erat3
1093 553 1206 598 sieut
1222 553 1268 598 in
1293 562 1436 597 mente
1456 569 1556 614 quae

172 629 265 684 jam
282 635 394 681 erat,
422 625 559 670 oritur
585 625 690 671 fides
714 641 813 687 quae
846 641 935 669 non
959 633 1050 669 erat
1074 641 1084 668 :
1121 633 1196 669 aut
1222 633 1321 686 post
1340 621 1559 681 cognitio-

177 714 274 741 nem
301 696 367 741 sui
390 696 661 742 recordando
684 714 725 742 se
747 697 886 759 ipsam
911 696 1030 743 velut
1055 696 1100 741 in
1120 695 1328 741 memoria
1346 711 1421 740 sua
1445 711 1556 739 con-

175 767 369 812 stitutam
401 767 522 812 videt
540 804 551 823 ,
591 767 714 831 quasi
744 784 832 812 non
854 767 918 812 ibi
945 766 1073 812 fuerit
1103 776 1335 828 antequam
1356 781 1397 809 se
1417 764 1557 827 ipsam

175 847 477 896 cognosceret3
500 854 601 882 cum
626 836 823 900 profecto
848 853 894 881 ex
918 853 1005 899 quo
1033 835 1308 898 essecoepit,
1331 851 1557 896 nunquam

177 906 243 950 sui
283 906 550 962 meminisse,
592 923 817 969 nunquam
858 923 898 950 se
937 906 1174 964 intelligere
1192 941 1204 960 ,
1246 920 1472 965 nunquam
1513 920 1555 947 se

176 992 316 1020 amare
333 975 558 1032 destiterit,
573 977 685 1022 sicut
695 980 787 1035 jam
802 974 1083 1021 ostendimus.
1107 976 1169 1019 Ac
1182 990 1260 1036 per
1274 973 1362 1017 hoc
1375 972 1552 1035 quando

175 1045 229 1091 ad
247 1063 288 1091 se
311 1045 451 1108 ipsam
477 1047 735 1107 cogitatione
763 1046 1055 1101 convertitur,
1087 1045 1137 1089 fit
1173 1043 1341 1088 trinitas
1358 1079 1369 1097 ,
1391 1043 1433 1087 in
1466 1059 1554 1105 qua

168 1120 259 1175 jam
282 1125 323 1160 et
339 1116 525 1161 verbum
548 1116 683 1179 possit
711 1115 893 1175 intelligi
921 1133 931 1160 ε
954 1115 1168 1160 formatur
1201 1113 1368 1176 quippe
1388 1129 1436 1157 ex
1459 1112 1554 1175 ipsa

174 1185 432 1245 cogitatione
445 1222 455 1240 ,
475 1186 697 1231 voluntate
711 1196 946 1248 utrumque
961 1188 1187 1244 jungente.
1211 1183 1282 1228 lbi
1301 1199 1399 1242 ergo
1417 1181 1551 1241 magis

174 1255 442 1314 agnoscenda
461 1266 523 1300 est
546 1256 686 1316 imago
712 1272 843 1318 quam
864 1255 1117 1318 quaerimUS.

237 1325 354 1371 XIV.
398 1325 483 1371 Sed
510 1326 625 1371 dicet
662 1326 814 1389 aliquis
837 1343 847 1370 ε
877 1325 977 1370 Non
1003 1335 1065 1369 est
1098 1324 1176 1369 ista
1200 1322 1406 1368 memoria
1428 1359 1439 1378 ,
1462 1339 1551 1385 qua

173 1413 292 1440 mens
307 1396 372 1441 sui
390 1396 630 1441 meminisse
652 1396 934 1460 perhibetur,
957 1412 1058 1459 quae
1077 1394 1158 1440 sibi
1178 1410 1345 1456 semper
1361 1403 1421 1438 est
1440 1409 1552 1455 prae-

173 1482 279 1511 sens.
310 1466 518 1510 Memoria
537 1466 652 1511 enim
677 1467 1000 1529 praeteritorum
1018 1474 1104 1520 est,
1126 1481 1210 1509 non
1230 1462 1512 1526 przesentium
1536 1479 1546 1505 ε

172 1553 271 1581 nam
305 1535 485 1598 quidam
520 1553 619 1581 cum
656 1536 709 1581 de
740 1536 976 1582 virtutibus
1001 1544 1199 1594 agerent,
1237 1534 1282 1578 in
1305 1533 1466 1596 quibus
1490 1543 1551 1576 est

172 1606 300 1651 etiam
323 1605 517 1660 Tullius,
551 1606 596 1651 in
626 1607 706 1652 tria
738 1606 818 1651 ista
849 1605 1128 1668 prudentiam
1153 1603 1417 1658 diviserunt,
1453 1619 1548 1646 me-

172 1676 377 1731 moriam,
401 1675 728 1736 intelligentiam
744 1713 754 1731 ,
793 1675 1109 1738 providentiam
1137 1692 1147 1718 :
1185 1673 1437 1718 memoriam
1461 1672 1549 1716 sci-

170 1745 273 1789 licet
301 1746 532 1808 praeteritis
550 1783 560 1800 ,
599 1745 930 1804 intelligentiam
962 1743 1250 1807 praesentibus
1269 1779 1279 1795 ,
1308 1741 1548 1805 providen-

170 1815 274 1859 tiam
297 1815 425 1860 rehus
442 1815 678 1860 tribuentes
702 1815 860 1860 futuris
879 1852 888 1869 ‚
916 1831 1046 1877 quam
1073 1830 1160 1857 non
1196 1813 1362 1857 habent
1386 1822 1545 1857 certam

172 1885 250 1929 nisi
270 1885 441 1947 praescii
463 1884 736 1937 futurornm3
764 1883 881 1947 quod
905 1901 989 1928 non
1009 1893 1071 1927 est
1096 1899 1255 1927 munus
1279 1882 1508 1926 hominum
1531 1919 1541 1937 ,

171 1954 252 1998 nisi
273 1953 400 1999 detur
417 1954 622 2017 desuper,
645 1965 694 2000 ut
723 1953 971 2017 Prophetis,
997 1951 1122 1997 Unde
1140 1952 1365 2014 Scriptura
1383 1952 1549 2014 sapien-

172 2024 242 2069 tiae
262 2023 314 2069 de
337 2024 591 2069 hominibus
612 2025 727 2069 aiens
750 2042 761 2068 ι
790 2046 810 2065 α
831 2020 1145 2083 Cogitationes,
1179 2022 1348 2084 inquit,
1379 2032 1547 2067 morta—

173 2094 316 2153 »lium
343 2094 534 2149 timidae,
569 2104 611 2138 et
635 2093 812 2138 ineertae
843 2092 1133 2155 providentiae
1168 2091 1372 2137 nostrae1.
1401 2112 1420 2132 >³
1451 2093 1548 2136 Me—

171 2164 307 2210 moria
327 2181 426 2210 vero
451 2164 503 2209 de
522 2164 750 2226 praeteritis
769 2201 779 2219 ,
807 2173 848 2208 et
869 2162 1153 2221 intelligentia
1177 2161 1230 2206 de
1255 2161 1546 2223 praesentibus

172 2245 287 2280 certa
310 2245 397 2289 est,
419 2234 491 2279 sed
509 2234 797 2296 praesentibus
828 2233 979 2296 utique
1011 2231 1360 2293 incorporalibus
1379 2231 1509 2277 rebus
1530 2250 1541 2277 :

170 2322 271 2349 nam
293 2304 536 2367 corporales
571 2303 866 2367 corporalium
895 2312 1126 2366 praesentes
1162 2311 1264 2346 sunt
1300 2302 1545 2364 aspectibus

171 2375 411 2421 oculorum.
436 2374 519 2420 Sed
539 2375 612 2437 qui
633 2375 742 2420 dicit
756 2374 1005 2419 memoriam
1028 2389 1115 2417 non
1134 2389 1220 2418 esse
1238 2372 1538 2435 praesentium,

171 2445 366 2491 attendat
384 2444 753 2508 quemadmodum
783 2444 950 2490 dictum
975 2443 1030 2490 sit
1059 2443 1105 2489 in
1132 2442 1237 2507 ipsis
1259 2442 1543 2506 saecularibus

219 2544 230 2566 ¹
248 2545 377 2587 Sap.1x
393 2568 402 2585 ‚
432 2550 487 2581 14.
