1894 3154
347 327 438 391 372
768 339 802 368 s.
847 334 1089 367 AccusTim
1126 332 1326 363 EPISCOPI

345 408 495 454 obrem
521 421 666 451 omnes
689 403 765 466 qui
783 420 830 448 ex
846 402 971 448 nobis
994 410 1165 456 exeunt,
1187 416 1274 445 non
1292 409 1392 446 sunt
1405 415 1451 445 ex
1471 399 1596 446 nobis
1614 419 1626 455 ς
1645 399 1718 446 sed

347 497 438 527 non
463 494 609 523 omnes
632 475 709 540 qui
729 475 957 520 nobiscum
977 484 1094 530 sunt,
1120 490 1166 518 ex
1191 472 1317 518 nobis
1335 483 1462 518 sunt:
1489 472 1600 518 sicut
1623 488 1718 518 area

347 567 448 597 cum
462 549 706 601 trituratur,
723 545 942 608 quidquid
956 544 1057 589 inde
1075 543 1209 599 volat,
1227 561 1314 589 non
1328 555 1390 589 est
1404 543 1596 590 triticum
1616 563 1627 598 ς
1648 542 1720 589 sed

344 637 434 666 non
454 616 671 681 quidquid
691 616 754 660 ibi
773 625 833 660 est
850 651 860 663 ,
902 614 1097 659 triticum
1117 623 1192 659 est.
1227 613 1417 677 Ideoque
1441 624 1482 659 et
1507 618 1718 668 Joannes;

347 711 368 731 α
395 690 456 733 Ex
479 687 623 742 nobis,
650 685 811 749 inquit,
839 686 1048 740 exierunt,
1076 683 1149 729 sed
1172 701 1261 729 non
1285 695 1406 730 erant
1432 703 1479 731 ex
1499 685 1625 731 nobis
1637 684 1670 731 1.
1701 706 1722 726 »

348 759 395 804 Si
412 759 523 804 enim
540 756 718 802 fuissent
730 773 776 801 ex
793 755 936 811 nobis,
958 754 1293 818 permansissent
1310 756 1458 818 utique
1472 756 1716 802 nobiscum.

349 829 633 891 Quapropter
646 837 960 872 sacramentum
982 825 1133 884 gratiae
1156 824 1231 869 dat
1250 829 1367 871 Deus
1386 826 1514 872 etiam
1539 844 1617 889 per
1637 843 1725 871 ma-

347 899 410 945 los
426 919 437 953 3
453 899 590 961 ipsam
603 914 702 943 vero
715 897 893 956 gratiam
907 895 1075 941 nonnisi
1089 912 1167 957 per
1180 911 1221 939 se
1233 894 1378 957 ipsum
1392 895 1457 942 vel
1469 913 1546 959 per
1561 905 1728 941 sanctos

348 986 460 1015 suos.
492 970 547 1013 Et
569 967 666 1013 ideo
691 967 981 1012 remissionem
1013 976 1293 1029 peccatorum
1312 966 1379 1013 vel
1402 984 1480 1029 per
1510 983 1552 1011 se
1584 967 1727 1029 ipsum

350 1040 471 1096 facit,
492 1039 558 1084 vc]
580 1056 657 1101 per
694 1038 808 1083 illius
843 1036 1063 1083 columbae
1101 1036 1316 1093 membra,
1344 1037 1505 1100 quibus
1529 1037 1611 1082 ait:
1640 1058 1660 1078 c<
1684 1035 1729 1080 Si

353 1132 373 1152 >³
400 1110 471 1155 cui
495 1108 756 1165 dimiseritis,
785 1108 1084 1161 dimittentur3
1113 1108 1146 1151 si
1163 1108 1234 1152 cui
1252 1108 1488 1163 tenueritis,
1513 1108 1730 1152 tenebun-

352 1203 372 1224 »
397 1192 468 1227 tur
484 1181 518 1227 2.
546 1202 565 1222 »
587 1179 859 1242 Baptismum
880 1196 999 1234 vem,
1026 1178 1147 1242 quod
1163 1189 1226 1223 est
1247 1189 1563 1224 sacramentum
1581 1178 1732 1224 remis-

355 1254 484 1298 sionis
512 1261 790 1315 peccatorum
808 1288 818 1299 ,
846 1250 948 1314 quia
984 1250 1091 1295 nulli
1132 1249 1318 1294 dubium
1342 1260 1404 1294 est
1426 1249 1587 1295 habere
1604 1249 1732 1295 etiam

352 1323 595 1369 homicidas
618 1339 760 1385 posse,
783 1323 859 1385 qui
885 1322 930 1366 in
955 1321 1143 1366 tenebris
1165 1331 1266 1366 sunt
1287 1338 1421 1384 usque
1446 1320 1609 1377 adhuc,
1631 1321 1733 1384 quia

351 1394 405 1440 de
433 1394 641 1440 cordibus
660 1410 809 1438 eorum
828 1392 1069 1438 fraternum
1099 1391 1249 1437 odium
1279 1409 1366 1436 non
1387 1391 1604 1437 exclusum
1634 1402 1695 1438 est
1719 1409 1730 1436 ε

353 1466 440 1511 sive
455 1465 575 1510 nulla
587 1467 644 1509 eis
657 1474 837 1527 peccata
857 1463 1031 1508 dimissa
1051 1464 1152 1518 sint,
1175 1463 1208 1507 si
1227 1479 1314 1507 non
1333 1464 1377 1507 in
1393 1462 1545 1508 melius
1569 1473 1735 1509 mutato

355 1534 485 1580 corde
506 1535 716 1597 baptizati
742 1545 859 1588 sunt,
882 1533 968 1578 sire
996 1533 1203 1578 continuo
1227 1531 1400 1577 dimissa
1437 1532 1672 1579 redierint:
1694 1544 1735 1580 et

351 1622 432 1668 per
451 1622 492 1650 sc
515 1605 659 1667 ipsum
673 1642 683 1661 ,
703 1604 803 1667 quia
828 1603 908 1648 Dei
929 1613 1007 1658 est,
1033 1613 1230 1648 sanctum
1245 1620 1330 1648 esse
1348 1604 1670 1663 cognoscimus,
1696 1615 1738 1650 et

353 1675 441 1721 sive
468 1675 663 1720 tradatur
683 1674 770 1719 sive
794 1673 1035 1736 accipiatur
1061 1691 1082 1718 a
1109 1673 1287 1724 talibus,
1314 1673 1436 1718 nulla
1456 1690 1604 1720 eorum
1633 1692 1738 1739 per—

356 1746 556 1792 versitate
579 1744 750 1800 violari,
766 1745 852 1789 sive
873 1744 1006 1799 intus.
1038 1744 1123 1789 sive
1148 1744 1265 1791 foris.

422 1817 561 1863 XXX.
595 1814 787 1860 Proinde
831 1815 1122 1860 consentimus
1151 1817 1374 1880 Cypriano
1399 1833 1410 1862 ε
1460 1838 1480 1859 c<
1502 1818 1741 1864 Haereticos

361 1887 653 1930 remissionem
678 1885 779 1930 dare
802 1902 888 1930 non
925 1902 1066 1948 posse,
1090 1906 1111 1927 ›>
1150 1887 1421 1950 baptismum
1462 1899 1607 1935 autem
1637 1889 1741 1934 dare

362 1971 504 2017 possc‚
530 1954 649 2017 quod
671 1954 847 2016 quidem
871 1954 955 1999 illis
973 1965 1013 2000 et
1036 1954 1243 2001 dantibus
1265 1967 1307 2002 et
1332 1959 1646 2020 accipientibus
1661 1977 1740 2006 va-

359 2024 447 2070 leat
464 2025 517 2070 ad
540 2025 795 2088 perniciem,
819 2035 1026 2088 ‘tanquam
1048 2035 1168 2071 tanto
1189 2043 1364 2073 munere
1382 2028 1462 2074 Dei
1484 2030 1595 2076 male
1612 2041 1741 2076 uten-

362 2095 482 2140 tibus
507 2113 517 2139 :
549 2095 660 2140 sicut
701 2095 829 2140 etiam
860 2095 1039 2154 maligni
1068 2106 1109 2141 et
1131 2096 1295 2154 invidi,
1328 2115 1435 2161 quos
1458 2110 1499 2144 et
1522 2099 1638 2146 intus
1657 2118 1742 2147 esse

359 2166 453 2230 ipse
475 2177 674 2222 testatur,
697 2165 986 2211 remissionem
1009 2178 1291 2229 peccatorum
1307 2169 1409 2216 dare
1433 2187 1521 2216 non
1540 2182 1738 2235 possunt,

366 2253 468 2282 cum
496 2254 565 2282 eos
591 2236 858 2300 baptismum
881 2236 985 2282 dare
1008 2254 1132 2300 posse
1146 2256 1292 2284 omnes
1309 2239 1534 2288 fateamur.
1567 2241 1612 2287 Si
1629 2242 1743 2287 enim

368 2305 508 2351 dehis
526 2307 602 2369 qui
625 2307 670 2351 in
697 2323 774 2351 nos
810 2309 1104 2369 peccaverint,
1132 2307 1298 2355 dictum
1322 2321 1409 2356 est:
1438 2333 1458 2353 «
1485 2311 1530 2356 Si
1562 2329 1650 2358 non
1670 2312 1743 2358 di-

369 2397 391 2418 »
416 2377 613 2421 miseritis
636 2387 814 2440 peccata
844 2376 1118 2434 hominibus,
1148 2396 1225 2424 nec
1254 2381 1382 2426 Pater
1399 2392 1536 2427 vester
1556 2381 1745 2428 dimittet

371 2467 393 2488 >³
413 2446 537 2491 vobis
560 2457 740 2508 peccata
757 2461 896 2492 vestra
917 2447 932 2476 3
962 2465 972 2492 ε
998 2469 1018 2489 »
1040 2460 1203 2511 quanto
1224 2450 1358 2508 magis
1373 2452 1562 2497 fierinon
1581 2462 1740 2516 potest,

374 2527 423 2561 ut
448 2517 697 2579 cispcccata
730 2516 1026 2573 dimittantur,
1052 2519 1129 2582 qui
1147 2517 1300 2565 fratres
1323 2538 1341 2565 a
1367 2521 1528 2584 quibus
1552 2521 1746 2583 diligun-

374 2597 447 2632 tur
469 2586 672 2643 oderunt,
703 2587 806 2632 etin
832 2587 927 2650 ipso
945 2588 1046 2634 odio
1073 2589 1378 2652 baptizantur3
1412 2591 1573 2655 quibus
1601 2603 1745 2639 tamen

419 2671 429 2692 ¹
456 2681 467 2700 1
488 2673 580 2702 Joan.
601 2681 655 2712 19.
670 2688 715 2694 —
732 2668 853 2703 Πολι).
877 2682 927 2709 xx,
949 2673 1002 2703 23.
1021 2689 1066 2696 ·-
1088 2670 1101 2695 3
1122 2672 1397 2716 Matih.xvr,12.
