1894 3154
346 235 438 290 410
747 248 781 278 s,
826 247 1067 278 Auensrml
1102 248 1306 279 Episcopi

412 313 570 360 XLIX.
601 312 877 358 Privatianus
895 331 918 358 a
944 312 1140 358 Sufetula
1165 313 1271 359 dixit
1299 331 1309 358 z
1337 334 1358 356 α
1381 313 1470 370 Qui
1491 313 1720 359 haereticos
1785 333 1789 337 ¹

344 395 603 448 potest-atem
621 383 877 447 baptizandi
894 384 1056 429 habere
1077 384 1183 430 dicit
1200 422 1211 440 ‚
1239 384 1356 431 dicat
1379 386 1500 448 prius
1519 384 1614 447 quis
1630 384 1721 429 hae-

345 456 472 500 resim
490 454 749 501 condiderit.
784 454 831 499 Si
855 454 968 499 enim
992 454 1168 500 haeresis
1192 473 1215 500 a
1243 456 1334 500 Deo
1354 466 1443 510 est,
1469 455 1632 500 habere
1647 454 1721 499 in·-

343 525 611 584 dulgentiam
636 524 829 569 divinam
854 533 998 585 potest
1023 540 1033 567 ε
1055 524 1209 569 sivero
1230 542 1252 569 a
1277 526 1362 569 Deo
1382 542 1471 570 non
1494 535 1579 580 est,
1605 540 1721 586 quo-

345 595 477 639 modo
501 594 683 653 gratiam
708 593 786 637 Dei
804 603 879 637 aut
897 592 1061 637 babere
1078 604 1151 638 aut
1164 593 1357 639 conferre
1371 594 1499 639 alicui
1517 596 1686 656 potest?
1700 614 1721 635 »

410 665 462 710 L.
507 663 623 708 Huic
657 662 841 707 totidem
866 662 1008 708 verbis
1040 663 1100 708 ita
1134 664 1385 727 responderi
1421 675 1562 727 potest
1590 681 1602 708 ι
1633 664 1723 720 Qui

346 733 578 779 malevolos
602 743 643 778 et
666 732 835 778 invidos
858 743 1113 795 potestatem
1132 734 1388 797 baptizandi
1410 735 1572 780 habere
1593 734 1718 789 dicit,

345 804 463 849 dicat
490 804 612 866 prius
635 803 732 866 quis
765 802 1112 848 malevolentiam
1137 804 1433 868 invidiamque
1460 803 1718 849 condiderit.

349 874 394 918 Si
417 875 530 918 enim
557 872 858 917 malevolentia
882 883 923 917 et
944 872 1108 918 invidia
1133 891 1155 918 a
1178 875 1268 918 Deo
1297 884 1359 919 est
1377 911 1386 929 ,
1411 873 1573 919 habere
1589 883 1632 918 et
1651 873 1725 918 in·-

349 944 615 1003 dulgentiam
638 943 830 988 divinam
851 954 994 1006 potest
1017 961 1026 988 :
1052 944 1085 989 si
1109 961 1209 989 vero
1229 962 1252 989 a
1273 945 1364 989 Deo
1387 961 1476 989 non
1493 954 1553 989 est
1570 980 1581 999 ‚
1609 959 1725 1006 quo-

349 1015 479 1059 modo
506 1024 580 1059 aut
603 1014 781 1072 gratiam
812 1014 888 1059 Dei
914 1013 1075 1059 habere
1099 1025 1174 1059 aut
1194 1016 1387 1060 conferre
1413 1014 1542 1059 alicui
1558 1016 1724 1076 potest?

352 1085 436 1130 Sed
457 1085 569 1129 sicut
586 1085 665 1129 ista
683 1084 829 1129 eodem
848 1084 980 1128 modo
998 1084 1114 1129 dicta.
1132 1084 1472 1130 manifestissime
1486 1083 1590 1129 falsa
1605 1094 1722 1139 sunt,

349 1156 410 1201 sic
441 1156 569 1200 etiam
604 1154 677 1199 illa
708 1171 808 1217 quae
844 1165 893 1199 ut
923 1155 1287 1200 convincerentur
1318 1156 1417 1200 haec
1451 1154 1568 1199 dicta
1607 1164 1720 1199 sunt.

349 1226 582 1288 Baptizant
615 1225 728 1269 enim
769 1224 969 1270 malevoli
1003 1236 1046 1270 et
1073 1225 1235 1281 invidi,
1274 1226 1385 1271 sicut
1415 1224 1614 1270 concedit
1636 1225 1728 1287 ipse

353 1296 627 1359 Cyprianus,
659 1297 761 1358 quia
788 1312 856 1340 eos
888 1295 1019 1340 etiam
1051 1295 1168 1340 intus
1199 1313 1284 1340 esse
1308 1305 1502 1340 testatur.
1535 1295 1606 1339 Sic
1629 1310 1727 1353 ergo

347 1376 529 1427 possunt
548 1365 677 1409 etiam
701 1365 897 1410 haeretici
920 1364 1143 1427 baptizare
1166 1382 1175 1409 :
1199 1366 1302 1428 quia
1323 1366 1569 1427 baptismus
1589 1381 1729 1409 sacra-

350 1445 546 1479 mentum
572 1435 735 1479 christi
761 1446 852 1487 est3
880 1435 1045 1480 invidia
1072 1452 1174 1480 vero
1199 1446 1239 1479 et
1271 1435 1445 1480 haeresis
1476 1451 1605 1496 opera
1629 1433 1729 1479 dia-

347 1504 439 1549 boli
459 1542 468 1557 ,
494 1521 593 1566 quae
615 1504 811 1566 quisquis
837 1504 1044 1549 habuerit
1062 1541 1071 1559 ‚
1100 1521 1188 1549 non
1211 1504 1316 1550 hinc
1336 1505 1466 1549 efficit
1483 1540 1494 1558 ‚
1524 1514 1573 1548 ut
1595 1504 1629 1548 si
1645 1504 1730 1548 ha-

348 1576 449 1620 beat
473 1585 790 1620 sacramentum
817 1575 1006 1625 Christi.
1027 1576 1156 1621 etiam
1180 1575 1324 1638 ipsum
1346 1584 1598 1621 numeretur
1619 1574 1730 1619 inter

350 1663 482 1708 opera
505 1645 686 1690 diaboli.

412 1718 485 1762 LI.
539 1716 737 1760 Privatus
771 1732 793 1760 a
833 1716 1013 1761 Sufibus
1048 1716 1155 1762 dixit
1190 1735 1200 1761 ε
1239 1738 1259 1758 «
1295 1715 1383 1773 Qui
1419 1714 1731 1760 haereticorum

348 1787 617 1849 baptismum
643 1786 837 1849 probant
856 1823 866 1841 ‚
906 1787 1013 1849 quid
1051 1787 1170 1833 aliud
1199 1805 1332 1851 quam
1358 1786 1575 1831 haereticis
1606 1801 1731 1829 com-

348 1857 608 1902 municant?
631 1878 651 1898 ³)

415 1927 514 1972 LII.
548 1926 665 1970 Huic
686 1926 953 1987 repondetur
976 1944 986 1970 ε
1017 1927 1114 1971 Non
1138 1938 1199 1972 est
1225 1927 1473 1989 baptismus
1498 1924 1734 1971 haeretico-

349 2013 447 2040 rum
465 2033 475 2051 ‚
497 2012 627 2058 quem
651 1995 697 2040 in
721 1995 940 2041 haereticis
957 1997 1198 2059 probamus
1217 2014 1227 2041 ι
1251 1997 1362 2041 sicut
1383 2013 1471 2041 non
1487 2006 1550 2040 est
1568 1994 1733 2058 baptis-

348 2082 445 2110 mus
471 2081 701 2110 avarorum
717 2102 728 2120 ,
750 2065 1058 2110 insidiosorum
1077 2103 1087 2111 .
1114 2064 1418 2111 fraudatorum
1438 2103 1448 2121 ,
1476 2075 1702 2128 raptorum
1717 2101 1728 2119 ‚

348 2134 600 2180 invidorum
620 2172 630 2189 ‚
657 2152 784 2198 quem
812 2137 1052 2198 probamus
1080 2136 1126 2180 in
1159 2136 1231 2182 eis.
1264 2137 1428 2182 Omnes
1461 2137 1628 2198 quippe
1664 2133 1736 2179 isti

353 2204 493 2268 iniqui
518 2216 649 2250 sunt:
680 2204 753 2250 sed
787 2209 928 2265 justus
951 2216 1013 2251 est
1045 2205 1247 2251 Christus
1264 2243 1275 2262 ,
1301 2210 1425 2266 cujus
1456 2207 1501 2252 in
1524 2222 1565 2250 se
1587 2221 1734 2250 sacra-

352 2285 547 2320 mentum
569 2312 579 2329 ‚
605 2274 725 2338 quod
745 2275 800 2320 ad
822 2276 968 2338 ipsum
992 2275 1166 2330 attinet,
1189 2293 1263 2320 sua
1280 2276 1510 2339 iniquitate
1532 2291 1620 2319 non
1642 2272 1734 2318 vio-

349 2343 457 2390 lant.
492 2345 699 2407 Alioquin
723 2357 867 2408 posset
888 2346 995 2391 alius
1021 2346 1164 2391 dicere
1186 2363 1197 2390 ε
1226 2346 1314 2402 Qui
1336 2346 1588 2409 iniquorum
1614 2344 1734 2406 bap-

346 2415 524 2459 tismum
545 2415 762 2477 probant‚
785 2416 893 2479 quid
913 2416 1031 2462 aliud
1047 2433 1179 2479 quam
1199 2416 1361 2479 iniquis
1379 2414 1731 2463 communicant?

353 2483 487 2540 Quod
506 2484 593 2546 ipsi
619 2485 865 2532 Catholicae
889 2486 923 2532 si
951 2486 1048 2549 quis
1072 2486 1308 2547 objiceret,
1343 2485 1675 2550 responderetur
1695 2481 1734 2528 ei

355 2553 474 2615 quod
494 2553 602 2600 huic
624 2555 754 2600 modo
778 2573 1034 2619 responsum
1057 2567 1132 2603 est.
