1894 3154
299 251 362 305 64
721 261 755 291 s,
798 259 1041 291 Aueusrnx‘r
1077 258 1280 289 EPISCOPI

299 346 386 393 qua
404 325 643 374 vivendum
666 336 756 382 est,
780 325 833 371 sit
863 335 905 371 et
928 325 974 370 in
1004 324 1139 370 verbo
1163 341 1240 387 per
1259 322 1378 387 quod
1405 322 1675 385 operandum

298 410 387 453 est3
413 399 447 443 si
464 414 551 443 non
571 434 582 453 ‚
606 413 695 441 non
714 414 724 441 z
749 395 944 459 alioquin
967 394 1244 440 mendacium
1267 394 1347 439 erit
1369 394 1552 440 verbum
1570 393 1671 450 tale,

297 485 387 514 non
410 467 565 514 veritas
583 487 595 521 ;
616 476 658 511 et
675 465 778 511 inde
801 475 1030 529 peccatum
1049 502 1058 520 ,
1080 481 1169 509 non
1193 481 1303 527 opus
1325 474 1507 510 rectum.
1541 464 1617 508 Est
1634 473 1677 508 et

297 539 396 585 haec
425 539 471 584 in
502 537 584 583 ista
620 536 904 582 similitudine
936 535 1060 580 verbi
1096 535 1233 580 nostri
1270 533 1508 579 similitudo
1541 533 1676 580 Verbi

299 609 403 663 Dei,
427 607 530 670 quia
553 616 694 670 potest
716 623 802 651 esse
826 605 1012 651 verbum
1039 615 1236 650 nostrum
1262 603 1381 667 quod
1406 620 1496 648 non
1517 619 1676 666 sequa-

296 688 369 723 tur
393 694 531 740 opus3
560 692 672 738 opus
694 685 840 720 autem
873 691 958 720 esse
990 691 1079 719 non
1110 684 1281 736 potest,
1327 673 1411 718 nisi
1454 672 1677 735 praecedat

294 747 511 794 verbum:
540 745 652 790 sicut
679 744 874 789 Verbum
907 744 989 788 Dei
1025 744 1169 806 potuit
1203 760 1291 790 esse
1324 744 1447 789 nulla
1477 743 1677 788 existente

295 827 521 869 creatura;
545 824 743 860 creatura
762 830 864 860 vero
890 813 1009 858 nulla
1029 830 1113 858 esse
1133 824 1304 876 posset,
1325 814 1406 858 nisi
1429 830 1507 876 per
1531 814 1676 876 ipsum
1728 865 1731 868 .

294 903 375 949 per
404 884 526 949 quod
559 884 675 930 facta
705 894 806 929 sunt
829 883 990 928 omnia.
1025 882 1216 946 Ideoque
1248 900 1335 928 non
1371 885 1486 929 Deus
1518 885 1673 939 Pater,

295 972 383 1000 non
405 954 594 1018 Spiritus
613 962 787 998 sanctus
802 988 812 1008 ,
833 969 923 997 non
939 952 1032 1014 ipsa
1050 952 1237 997 Trinitas
1254 990 1265 1007 ‚
1289 952 1363 998 sed
1384 953 1498 998 solus
1525 953 1672 1009 Filius,

295 1024 415 1088 quod
435 1034 496 1069 est
519 1023 714 1070 Verbum
740 1022 848 1078 Dei,
879 1038 980 1067 caro
1004 1020 1169 1067 factum
1195 1021 1282 1067 est1
1298 1058 1308 1078 ‚
1343 1023 1542 1085 quamvis
1573 1023 1608 1066 T
1613 1022 1677 1067 ri-

295 1096 429 1141 nitate
451 1094 633 1140 faciente
657 1111 668 1137 ·.
692 1103 740 1138 ut
763 1103 965 1155 sequente
991 1103 1121 1155 atque
1144 1093 1342 1137 imitante
1364 1093 1500 1138 verbo
1528 1103 1676 1138 nostro

294 1169 386 1223 ejus
401 1163 644 1226 exemplum
660 1199 671 1218 ‚
696 1173 810 1207 recte
829 1162 1087 1218 viveremus,
1108 1162 1196 1207 hoc
1215 1172 1294 1218 est,
1315 1161 1487 1208 nullum
1509 1162 1676 1208 haben-

294 1245 355 1279 tes
372 1235 417 1280 in
440 1233 565 1279 verbi
584 1233 721 1277 nostri
740 1232 809 1278 vel
827 1231 1195 1294 contemplatione
1207 1232 1276 1277 vel
1293 1232 1543 1295 operatione
1564 1250 1678 1278 men-

295 1304 484 1349 dacium.
505 1303 667 1348 Verum
686 1302 785 1347 baec
804 1302 937 1361 hujus
952 1302 1152 1361 imaginis
1169 1312 1230 1347 est
1249 1301 1513 1364 quandoque
1526 1301 1677 1348 futura

294 1373 517 1437 perfectio.
561 1372 628 1418 Ad
662 1372 779 1417 hanc
809 1370 1158 1433 consequendam
1193 1388 1271 1417 nos
1299 1371 1444 1417 erudit
1474 1373 1678 1431 magister

294 1443 436 1488 bonus
465 1442 552 1488 fide
587 1441 825 1486 christiana
864 1441 1123 1504 pietatisque
1147 1440 1369 1496 doctrina,
1409 1452 1459 1487 ut
1488 1442 1676 1487 revelata

292 1512 401 1559 facie
425 1531 447 1558 a
466 1512 589 1572 Legis
613 1511 825 1557 velamine
856 1511 978 1574 quod
1002 1520 1063 1555 est
1095 1510 1253 1556 umbra
1281 1510 1554 1567 futurorum,
1581 1512 1679 1570 glo-

292 1582 402 1628 riam
426 1581 606 1627 Domini
627 1580 945 1642 speculantes2‚
965 1597 1044 1643 per
1067 1580 1295 1643 speculum
1316 1580 1480 1626 scilicet
1498 1581 1676 1626 intuen-

294 1662 381 1705 tes,
417 1652 463 1696 in
486 1650 683 1696 eamdem
714 1650 948 1709 imaginem
983 1650 1344 1695 transformemur
1378 1650 1431 1695 de
1465 1649 1601 1710 gloria
1631 1651 1677 1696 in

292 1720 473 1780 gloriam
486 1731 695 1783 tanquam
715 1737 738 1764 a
755 1720 932 1764 Domini
948 1720 1123 1783 spiritu,
1146 1720 1387 1766 secundum
1406 1721 1673 1783 superiorem

295 1790 348 1835 de
368 1790 436 1835 his
454 1790 597 1835 verbis
620 1788 976 1851 disputationem.

356 1861 477 1906 XXI.
505 1859 617 1904 Cum
635 1876 735 1918 ergo
751 1859 837 1904 hac
855 1859 1230 1905 transformatione
1251 1860 1306 1906 ad
1324 1859 1565 1923 perfectum
1584 1860 1677 1906 fue-

297 1931 354 1975 rit
374 1930 473 1975 haec
496 1930 638 1987 imago
674 1940 878 1975 renovata
896 1966 908 1985 ‚
941 1929 1099 1974 similes
1134 1931 1226 1975 Deo
1256 1931 1414 1975 erimus
1431 1966 1442 1986 ‚
1469 1931 1674 1992 quoniam

292 1999 539 2046 videbimus
562 2015 678 2054 eum,
699 2015 787 2043 non
810 2016 887 2061 per
912 1999 1158 2061 speculum,
1185 1999 1258 2044 sed
1276 1999 1404 2045 sicuti
1421 1998 1502 2045 est3
1521 2018 1532 2045 ε
1556 2000 1676 2063 quod

294 2068 404 2115 dicit
416 2068 638 2132 apostolus
651 2068 814 2113 Paulus
830 2106 841 2124 ,
865 2069 1027 2114 «Facie
1047 2069 1100 2114 ad
1116 2068 1291 2114 faciem(⁸
1305 2092 1340 2116 n.
1365 2069 1494 2115 Nunc
1512 2088 1614 2116 vero
1630 2071 1676 2115 in

295 2140 382 2185 hoc
407 2138 584 2202 speculo
602 2175 613 2194 ‚
635 2139 681 2183 in
705 2138 793 2183 hoc
824 2138 1050 2197 aenigmate
1070 2176 1080 2193 ‚
1109 2138 1154 2183 in
1176 2139 1262 2184 hac
1286 2139 1599 2203 qualicumque
1623 2141 1676 2184 si-

290 2207 538 2253 militudine
552 2244 562 2263 ‚
581 2218 744 2270 quanta
758 2208 812 2253 sit
825 2208 955 2253 etiam
973 2207 1282 2254 dissimilitudo
1294 2246 1305 2265 ‚
1325 2210 1422 2271 quis
1441 2220 1584 2272 potest
1602 2226 1676 2255 ex-

290 2277 485 2340 plicare?
524 2278 748 2337 Attingam
780 2289 924 2323 tamen
960 2278 1130 2341 aliqua,
1171 2290 1220 2323 ut
1254 2278 1405 2335 valeo,
1433 2280 1594 2342 quibus
1628 2279 1675 2325 id

290 2347 426 2410 possit
450 2345 631 2392 adverti.
664 2348 812 2393 Primo
841 2348 933 2411 ipsa
961 2348 1140 2393 scientia
1160 2386 1171 2404 ‚
1198 2348 1250 2393 de
1274 2366 1360 2411 qua
1375 2349 1584 2394 veraciter
1601 2366 1673 2394 co-

290 2416 441 2475 gitatio
461 2425 606 2460 nostra
627 2415 860 2474 formatur,
891 2417 1069 2480 quando
1102 2434 1203 2480 quae
1228 2418 1388 2463 scimus
1422 2417 1669 2480 loquimur,

285 2485 426 2549 qualis
455 2494 530 2530 aut
559 2495 721 2547 quanta
755 2497 899 2549 potest
927 2487 1099 2533 homini
1133 2487 1386 2550 provenire,
1430 2487 1674 2550 quamlibet

338 2569 459 2602 ¹Joan.
478 2579 504 2609 1,
522 2573 573 2605 14.
588 2584 634 2591 -—
650 2565 665 2590 ²
682 2579 700 2600 2
724 2569 800 2603 Cor.
818 2580 867 2610 111,
886 2570 985 2604 18.—
1009 2566 1024 2592 ³
1046 2580 1058 2601 1
1087 2571 1248 2612 Joan.111,
1263 2565 1375 2606 2.—⁴
1395 2580 1408 2600 1
1428 2569 1505 2604 Cor.
1522 2579 1669 2610 x111,12.
