1894 3154
260 203 351 250 268
678 220 713 250 s.
758 219 1000 250 AUGUSTtNI
1036 217 1239 248 EPISCOPt

251 285 478 345 judicare;
509 283 580 330 sed
601 294 872 348 expectemus
898 283 1084 328 universi
1100 282 1315 342 judicium
1336 283 1516 329 Domini
1532 301 1631 330 nos-

259 355 314 402 tri
337 355 439 400 Jesu
469 354 662 410 Christi,
699 354 774 416 qui
803 369 913 398 unus
937 363 980 397 et
1008 351 1122 397 solus
1150 352 1284 398 habet
1311 363 1565 416 potestatem
1591 365 1634 399 et

258 425 547 489 praeponendi
581 442 658 470 nos
690 424 736 469 in
774 423 978 468 Ecclesiae
1008 439 1096 468 suae
1127 423 1467 482 gubernatione,
1507 434 1549 469 et
1579 423 1634 470 de

261 506 358 542 actu
377 505 523 541 nostro
543 493 789 554 judicandi.
816 515 836 534 n

325 566 400 612 lV.
437 566 475 610 N
481 582 566 611 unc
591 581 656 620 se,
682 564 715 609 si
739 563 928 618 audent,
955 563 1156 627 superbae
1181 574 1221 608 et
1241 564 1421 609 tumidae
1446 564 1634 611 cervices

258 636 567 684 haereticorum
605 635 808 680 adversus
843 645 1035 682 sanctam
1064 634 1358 680 humilitatem
1385 634 1520 694 hujus
1545 652 1637 681 ser-

261 706 399 751 monis
424 704 643 751 extollant.
678 704 823 749 lnsani
845 704 1086 748 Donatistae
1101 740 1111 758 ,
1134 720 1243 765 quos
1261 703 1313 749 ad
1332 721 1486 766 pacem
1509 715 1638 767 atque

260 774 470 820 unitatem
491 785 651 819 sanctae
670 773 873 819 Ecclesiae
893 790 1080 818 remeare
1094 809 1104 826 ‚
1129 783 1255 835 atque
1269 774 1313 818 in
1335 790 1382 818 ea
1406 773 1546 818 sanari
1563 790 1639 819 cu-

195 869 200 871 ·
259 844 403 907 pimus
426 855 468 890 et
490 855 692 906 optamus
710 881 721 900 ,
743 843 850 906 quid
874 843 927 889 ad
952 844 1050 889 haec
1071 843 1241 888 dicitis?
1267 843 1353 888 Vos
1376 853 1491 888 certe
1511 843 1640 888 nobis

261 914 449 972 objicere
471 914 612 959 soletis
642 914 854 976 Cypriani
883 913 1068 967 litteras,
1110 913 1322 975 Cypriani
1354 913 1605 958 sententiam
1625 948 1637 966 ,

266 983 478 1046 Cypriani
498 983 735 1028 concilium
757 1000 767 1027 ε
794 1000 872 1028 cur
898 983 1200 1029 auctoritatem
1224 982 1435 1045 Cypriani
1458 1000 1537 1045 pro
1552 999 1641 1027 ves-

263 1063 330 1105 tro
349 1052 579 1097 schismate
604 1052 816 1097 assumitis
834 1089 843 1107 ,
873 1063 915 1097 et
938 1057 1027 1112 ejus
1051 1051 1296 1113 exemplum
1320 1068 1401 1114 pro
1434 1051 1640 1096 Ecclesiae

262 1138 372 1184 pace
392 1121 622 1183 respuitis?
655 1121 763 1177 Quis
789 1131 931 1167 autem
964 1121 1125 1165 nesciat
1149 1130 1343 1165 sanctam
1368 1120 1642 1182 Scripturam

264 1191 516 1237 canonicam
537 1228 547 1245 ,
576 1201 664 1235 tam
684 1191 844 1236 Veteris
875 1207 1007 1254 quam
1047 1190 1157 1237 Novi
1191 1190 1484 1245 Testamenti,
1520 1189 1644 1234 certis

267 1261 353 1306 suis
384 1260 576 1313 terminis
609 1261 848 1316 contineri,
884 1277 1063 1323 eamque
1094 1260 1298 1305 omnibus
1331 1259 1644 1322 posterioribus

265 1330 572 1391 episcoporum
596 1329 746 1374 litteris
772 1330 829 1374 ita
861 1329 1062 1392 praeponi
1081 1365 1092 1383 ,
1121 1339 1167 1373 ut
1189 1328 1242 1373 de
1260 1327 1333 1373 illa
1354 1329 1533 1374 omnino
1558 1327 1645 1372 du-

266 1399 397 1444 ]›itari
420 1410 461 1442 ct
480 1398 714 1461 disceptari
740 1416 826 1443 non
848 1400 1011 1461 possit,
1042 1409 1188 1443 utrum
1214 1415 1361 1443 verum
1392 1397 1460 1443 vel
1499 1408 1644 1442 utrum

268 1480 434 1513 rectum
474 1469 555 1523 sit,
592 1469 808 1532 quithuid
847 1471 893 1514 in
930 1487 976 1514 ea
1007 1470 1220 1531 scriptum
1251 1485 1336 1512 esse
1366 1467 1641 1512 constiterit:

268 1539 574 1601 episcoporum
603 1549 743 1583 autem
770 1539 931 1584 litteras
951 1556 1049 1602 quae
1074 1549 1173 1601 post
1193 1539 1500 1583 confirmatum
1519 1553 1647 1581 cano-

268 1625 366 1653 nem
387 1607 453 1654 x‘el
477 1609 650 1671 scriptae
677 1619 777 1653 sunt
803 1609 868 1653 rel
904 1610 1156 1654 scribuntur
1175 1645 1186 1663 ‚
1225 1618 1268 1653 et
1296 1624 1375 1670 per
1406 1613 1647 1652 sermonem

266 1679 378 1724 forte
401 1680 705 1741 sapientiorem
732 1679 966 1739 cujuslibet
994 1680 1037 1724 in
1063 1697 1111 1724 ea
1143 1697 1186 1724 re
1217 1679 1464 1742 peritioris,
1499 1687 1539 1722 et
1571 1693 1649 1739 per

271 1749 452 1794 aliorum
478 1750 784 1812 episcoporum
805 1752 1040 1809 graviorem
1064 1751 1366 1794 auctoritatem
1389 1748 1649 1793 doctiorem-

266 1836 354 1882 que
388 1818 693 1880 prudentiam,
732 1830 772 1864 et
801 1838 880 1882 per
911 1820 1096 1865 concilia
1130 1819 1258 1865 licere
1293 1817 1581 1881 reprehendi,
1616 1815 1650 1861 si

271 1888 380 1951 quid
401 1889 446 1932 in
471 1891 528 1932 eis
552 1888 660 1933 forte
682 1907 703 1934 a
726 1892 902 1934 veritate
924 1890 1141 1934 deviatum
1164 1900 1224 1933 est
1250 1907 1260 1933 ε
1289 1900 1331 1933 et
1353 1889 1445 1951 ipsa
1465 1886 1650 1933 concilia

274 1974 374 2021 quae
392 1975 468 2019 per
492 1958 681 2016 singulas
700 1960 889 2018 regiones
912 1958 979 2004 vel
1003 1959 1251 2021 provincias
1276 1959 1412 2014 fiunt,
1437 1955 1652 2018 plenario-

276 2045 371 2073 rum
393 2027 679 2073 conciliorum
706 2029 955 2074 auctoritati
978 2046 1075 2091 ‹⁷111ae
1102 2030 1213 2073 fiunt
1242 2046 1288 2072 ex
1315 2028 1512 2073 universo
1545 2025 1651 2070 orbe

274 2097 513 2142 christiano
533 2133 542 2151 ‚
579 2097 667 2142 sine
700 2098 797 2155 utus
830 2099 1085 2156 ambagibus
1125 2097 1274 2143 cedere
1305 2115 1315 2142 ·.
1347 2097 1526 2160 ipsaque
1554 2094 1653 2158 ple-

274 2168 394 2212 naria
421 2184 534 2229 stepe
561 2168 707 2229 priora
739 2169 1050 2231 posterioribus
1077 2168 1295 2213 emendari
1328 2184 1338 2211 ε
1373 2183 1474 2211 cum
1507 2166 1653 2229 aliquo

273 2237 562 2300 experimento
584 2254 726 2282 rerum
749 2239 943 2301 aperitur
962 2237 1084 2300 quod
1112 2238 1305 2283 clausum
1336 2247 1428 2282 erat
1446 2273 1456 2290 ,
1485 2246 1527 2280 et
1552 2251 1653 2294 cog-

273 2306 465 2350 noscitur
486 2306 606 2368 quod
634 2306 824 2360 latebat3
859 2309 948 2352 sine
976 2306 1064 2351 ullo
1091 2308 1231 2369 typho
1261 2306 1477 2365 sacrilega]
1505 2321 1653 2367 supcr-

271 2375 381 2429 hiae,
405 2377 493 2420 sine
516 2375 601 2420 ulla
621 2377 768 2422 inflata
797 2379 964 2422 cervice
985 2377 1241 2436 arrogantiae
1259 2413 1268 2427 ,
1309 2376 1398 2420 sine
1424 2375 1509 2420 ulla
1544 2391 1654 2419 con-

276 2445 461 2489 tentione
502 2445 649 2492 liridae
684 2447 888 2503 invidiae,
924 2464 1021 2492 cum
1060 2457 1205 2491 sancta
1242 2445 1513 2500 humilitate,
1553 2460 1653 2488 cum

272 2531 378 2578 pace
402 2514 618 2561 catholica
638 2553 646 2565 ,
669 2533 766 2562 cum
790 2518 1001 2563 charitate
1022 2516 1273 2562 christiana.
