1894 3154
329 297 501 329 CONTRA
536 295 780 328 EPISTOLAM
816 296 1113 341 PARMENIAM,
1152 301 1238 332 LIB.
1281 304 1331 334 11.
1442 307 1529 354 179

166 380 252 408 non
273 362 445 408 amisit?
464 363 514 407 In
537 362 704 407 honore
720 363 885 425 quippe
908 379 984 408 suo
1002 401 1012 419 ,
1034 364 1146 410 sieut
1165 366 1347 424 exierat,
1373 368 1432 415 ita
1457 387 1530 416 re-

166 443 316 496 ceptus
335 443 396 477 est
410 470 420 489 ,
446 450 545 478 eum
574 433 641 478 his
664 432 867 478 omuibus
889 450 998 496 quos
1014 433 1104 496 ipse
1119 433 1222 480 foris
1236 438 1402 498 positus
1420 439 1531 502 bap-

167 503 335 555 tizavit2
363 502 484 548 nullo
502 520 651 548 eorum
671 502 937 565 rebaptizato
962 521 971 547 ε
995 504 1096 566 quia
1118 505 1150 549 si
1179 505 1364 569 aliquem
1383 525 1533 556 eorum

164 589 270 636 quos
293 572 395 618 foris
419 573 739 636 baptizaverat,
773 573 1137 635 rebaptizandum
1163 591 1249 621 esse
1280 590 1502 625 censerent
1518 618 1530 637 ‚

159 643 408 701 judicarent
437 661 533 690 eum
566 645 749 690 amisisse
780 647 850 703 jus
885 644 1019 690 dandi
1048 663 1148 691 cum
1182 646 1285 693 foris
1324 661 1450 707 esset,
1492 661 1533 697 et

164 724 393 776 propterea
417 731 680 777 consequens
697 725 787 760 erat
809 725 856 759 ut
876 715 1020 778 ipsum
1044 733 1217 780 quoque
1242 719 1400 765 iterum
1419 721 1535 766 ordi-

164 795 340 840 narent,
370 785 403 829 si
429 784 526 830 illos
555 787 712 830 iterum
741 784 1027 847 baptizarent.
1064 786 1148 831 Sed
1172 804 1270 832 cum
1299 788 1354 834 ad
1377 807 1534 852 pacem

166 854 330 900 Christi
355 865 636 910 revocantur,
665 854 998 900 calumniatores
1017 866 1118 900 sunt
1140 873 1150 900 ε
1181 873 1278 902 cum
1307 859 1409 920 paci
1438 861 1533 905 Do-

163 926 255 969 nati
272 924 504 970 consulunt
521 962 530 980 ,
556 925 892 970 dissimulatores
910 935 1023 970 suut.
1052 925 1170 980 Quid
1194 937 1254 971 est
1271 926 1356 973 hoe
1379 928 1498 974 aliud
1517 967 1529 986 ,

163 1011 294 1057 quam
318 995 434 1057 quod
453 1012 602 1040 eorum
625 994 864 1040 Tichonius
889 995 942 1040 de
964 995 1048 1040 illis
1069 995 1126 1040 ait
1149 1013 1159 1040 :
1183 996 1220 1052 Q
1230 996 1314 1042 uod
1332 998 1535 1046 volumus

163 1075 360 1110 sanctum
380 1069 470 1110 est‘)

227 1136 414 1181 XXXII.
462 1136 520 1179 Ut
551 1134 658 1198 quid
692 1152 789 1195 ergo
825 1136 1136 1182 Parmenianus
1170 1138 1289 1183 inani
1321 1141 1533 1198 jactantia

163 1205 322 1264 exultat
339 1243 349 1259 ,
386 1215 427 1250 et
456 1205 563 1250 dicit
586 1222 596 1249 ε
625 1226 645 1245 α
673 1206 905 1269 Nunquam
931 1205 1093 1251 divina-3
1115 1206 1217 1266 legis
1241 1226 1420 1255 censura
1447 1228 1533 1274 pa-

165 1276 318 1331 tietur,
353 1286 399 1320 ut
424 1275 641 1321 vivificare
670 1291 931 1338 quemquam
960 1287 1156 1321 mortuus
1186 1279 1349 1340 possit,
1382 1296 1532 1326 curare

166 1345 412 1391 vulneratus
429 1383 440 1401 ,
461 1345 704 1390 illuminare
720 1362 882 1401 caecus,
905 1345 1058 1390 vestire
1074 1346 1216 1392 nudus
1232 1384 1242 1403 ‚
1265 1359 1307 1393 et
1326 1350 1536 1396 mundare

163 1416 384 1479 pollutus?
416 1438 436 1457 «
467 1417 679 1462 Dominus
714 1416 827 1461 enim
863 1417 1039 1461 suscitat
1071 1429 1287 1475 mortuos,
1325 1421 1538 1467 Dominus

166 1496 186 1528 ›‘›
202 1497 327 1532 curat
350 1486 592 1533 vulneratos
610 1524 620 1542 ‚
645 1487 858 1531 Dominus
881 1486 1097 1532 illuminat
1121 1505 1259 1534 caecos
1277 1527 1288 1546 ‚
1323 1491 1536 1537 Dominus

166 1577 186 1598 ι)
205 1559 329 1603 vestit
349 1558 487 1602 nudos
505 1594 515 1612 ‚
544 1557 755 1601 Dominus
780 1556 962 1601 mundat
990 1557 1181 1619 pollutos
1192 1557 1223 1605 1.
1253 1582 1272 1601 »
1309 1561 1429 1616 Quid
1452 1561 1537 1606 sihi

166 1639 335 1688 arrogat
358 1645 457 1691 quae
481 1626 668 1672 hominis
694 1643 781 1671 non
815 1629 945 1671 sunt?
982 1628 1127 1671 lta-ne
1159 1628 1247 1674 vivi
1281 1641 1382 1675 sunt
1417 1631 1536 1694 apud

165 1716 235 1745 eos
251 1699 327 1762 qui
351 1715 438 1743 non
461 1706 645 1760 peceant
663 1733 672 1750 ‚
698 1706 743 1740 ut
767 1695 896 1740 etiam
920 1695 1141 1741 vivificare
1159 1714 1283 1759 posse
1307 1699 1534 1755 dicantur3

165 1787 264 1815 cum
288 1769 600 1814 incrementum
622 1766 724 1811 (lare
742 1766 1045 1828 nonpossint?
1068 1787 1088 1807 «
1111 1768 1218 1827 Ego,
1240 1769 1384 1833 iuquit
1402 1772 1538 1834 Apos-

167 1862 187 1882 »
210 1840 321 1886 tolus
339 1877 349 1896 ,
376 1839 600 1902 plantavi,
642 1837 798 1900 Apollo
831 1837 1012 1895 rigavit,
1052 1837 1124 1882 secl
1149 1840 1263 1884 Deus
1292 1841 1538 1887 ineremen-

167 1932 187 1953 >›
208 1922 297 1956 tum
327 1909 458 1955 dedit.
497 1910 644 1971 Neque
675 1907 752 1970 qui
781 1906 953 1970 plantat
982 1918 1042 1952 est
1064 1907 1254 1971 aliquid,
1295 1928 1434 1975 neque
1462 1912 1539 1975 qui

167 2003 187 2023 ))
208 1981 347 2041 rigat,
376 1979 444 2025 sed
473 1980 547 2042 qui
566 1980 880 2023 incrementum
907 1976 981 2022 dat
1007 1979 1164 2024 Deus?
1190 2000 1211 2021 ))
1248 1979 1437 2036 Quando
1463 1983 1539 2027 dat

166 2052 297 2098 vitam
322 2060 495 2095 mortuo
512 2085 523 2104 5
550 2048 626 2110 qui
655 2047 969 2092 incrementum
994 2046 1096 2092 dare
1125 2065 1212 2092 non
1235 2060 1379 2111 potest
1404 2052 1538 2098 vivo?

167 2144 187 2164 «
211 2122 333 2168 Sicut
355 2120 468 2166 enim
491 2120 620 2163 Pater
652 2117 828 2163 suscitat
853 2127 1047 2162 mortuos
1078 2129 1120 2162 et
1150 2119 1365 2177 vivificat,
1404 2121 1465 2167 sie
1496 2132 1538 2167 et

169 2209 188 2234 ›·›
208 2191 458 2254 Filiusquos
478 2188 573 2236 vult
591 2188 784 2234 vivificat
799 2187 830 2234 3.
856 2210 874 2228 ›>
896 2189 1035 2233 Ita-ne
1056 2187 1174 2250 apud
1193 2188 1288 2234 illos
1307 2191 1398 2237 sani
1416 2202 1534 2248 sunt,

168 2271 216 2307 ut
231 2261 398 2325 possint
416 2260 544 2305 etiam
564 2275 714 2303 curare
728 2275 813 2302 non
834 2261 990 2303 sanos‘)
1014 2257 1134 2314 Quid
1154 2258 1272 2304 aliud
1290 2260 1383 2318 isti,
1405 2279 1537 2325 quam

167 2349 208 2377 se
230 2330 544 2377 benedicendos
562 2346 642 2392 pro
663 2328 850 2374 Domino
873 2330 1134 2391 opponunt?
1159 2329 1241 2374 Sed
1268 2331 1324 2376 al)
1339 2332 1397 2377 eis
1415 2333 1537 2379 nulio

167 2402 298 2448 modo
322 2401 617 2455 seducuntur,
646 2400 721 2462 qui
749 2416 832 2444 non
860 2399 903 2443 in
929 2399 1132 2454 homine,
1162 2399 1300 2446 sedin
1327 2404 1416 2447 Deo
1442 2421 1539 2467 spe-

168 2482 308 2517 rantes
332 2481 509 2517 cantant
539 2487 549 2514 :
589 2491 608 2510 c<
631 2469 820 2514 Benedic
841 2505 850 2523 ‚
880 2468 1020 2514 anima
1045 2484 1135 2513 mea
1153 2505 1164 2524 ,
1207 2471 1440 2518 Dominum
1463 2511 1473 2530 ‚
1499 2485 1542 2520 et

169 2564 190 2585 »
208 2543 297 2589 noli
315 2541 512 2588 oblivisci
541 2557 687 2586 omnes
710 2539 1016 2585 retributiones
1039 2542 1074 2598 ej
1085 2555 1130 2585 us
1146 2577 1156 2597 ,
1183 2541 1257 2604 qui
1275 2543 1543 2607 propitiatur

229 2626 238 2647 ¹
258 2626 340 2661 1³:³¹.
358 2634 450 2663 cuv,
467 2627 498 2660 3,
519 2643 560 2650 —-
581 2623 596 2646 2
615 2635 625 2654 ι
646 2627 717 2656 Cor.
731 2634 781 2663 ιιι,
802 2625 832 2656 6.
847 2642 883 2648 —
906 2620 920 2646 3
938 2625 1035 2657 Joau.
1059 2633 1087 2664 v,
1107 2635 1162 2658 21,

1346 2695 1416 2727 12.
