1894 3154
285 274 341 307 DE
377 270 597 307 BAPTISMO
630 269 806 307 CONTRA
839 269 1134 318 noNAr1srAs,
1171 276 1259 309 Lm.
1299 278 1342 310 v.
1427 262 1518 326 347

705 541 887 593 LIBER
920 546 972 595 V.

152 690 426 730 Postremum
447 695 623 744 partem
642 686 871 728 examinat
890 686 1100 744 Epistoloe
1129 684 1346 743 Cypriani
1365 685 1424 727 ad
1439 685 1471 727 J
1475 701 1527 728 u·-

212 754 427 795 baianam
448 784 457 802 ,
491 764 661 794 necnon
683 753 932 810 Epis-colam
963 753 1161 808 ejusdem
1181 752 1241 793 ad
1270 752 1491 804 Quintum
1510 784 1521 802 ‚

209 820 467 871 synodicam
495 819 555 861 ad
590 818 810 862 Numidas
841 817 1103 876 Episcopos,
1143 826 1184 859 a
1209 816 1439 875 epistolam
1466 816 1527 859 ad

208 885 482 942 Pompeium.

216 1030 252 1076 I.
284 1033 513 1076 Eccmsiffl
537 1029 769 1076 catholicae
786 1029 1142 1076 consuetudinem
1160 1028 1391 1093 pristinam
1408 1043 1529 1074 nunc

151 1101 309 1157 teneri,
339 1116 442 1146 cum
481 1101 538 1146 ab
563 1100 781 1147 haereticis
806 1101 874 1148 vel
908 1100 1194 1147 schismaticis
1228 1099 1467 1154 Venientes,
1494 1098 1529 1143 si

150 1170 422 1230 Evangelicis
441 1171 585 1217 verbis
609 1182 906 1217 consecratum
926 1171 1198 1234 baptismum
1220 1177 1525 1234 perceperunt,

151 1240 293 1286 denuo
322 1257 412 1286 non
438 1241 751 1303 baptizantur,
790 1242 921 1287 beato
959 1242 1183 1306 Cypriano
1209 1250 1312 1285 teste
1341 1239 1521 1285 utimur.

150 1311 249 1374 Ipse
271 1311 439 1374 quippe
456 1311 539 1356 sibi
559 1311 841 1375 quaestionem
863 1312 1094 1390 proposuit
1112 1328 1160 1356 ex
1188 1327 1260 1356 ore
1283 1310 1433 1373 utique
1443 1309 1530 1354 sia-

150 1392 286 1437 trum‚
313 1382 401 1428 sive
427 1382 714 1444 quaerentium
741 1382 992 1438 veritatem,
1021 1382 1107 1428 sive
1125 1394 1207 1445 pro
1230 1380 1408 1427 veritate
1432 1396 1530 1424 cer-

149 1452 354 1498 tantium.
384 1452 504 1497 Inter
527 1452 842 1516 disputationes
866 1452 980 1497 enim
1017 1464 1114 1498 suas
1131 1451 1331 1514 q‚uibus
1356 1449 1532 1495 volebat

150 1522 373 1567 ostendere
393 1522 537 1567 denuo
562 1522 853 1586 baptizandos
870 1523 1129 1578 haeredem,
1156 1515 1209 1567 de
1235 1520 1396 1583 quibus
1429 1521 1531 1566 satis

148 1610 230 1656 pro
248 1604 442 1657 tempore
466 1593 591 1639 libris
616 1594 916 1657 superioribus
942 1593 1236 1648 disseruimus,
1262 1592 1322 1636 ait
1338 1590 1383 1619 1“
1373 1625 1384 1634 .
1412 1589 1534 1635 «Sed

150 1663 257 1708 dicit
282 1663 465 1728 aliquis:
492 1664 614 1721 Quid
633 1681 734 1725 ergo
755 1665 830 1710 fiet
848 1664 900 1710 de
923 1665 992 1710 his
1015 1664 1092 1727 qui
1112 1665 1159 1709 in
1181 1661 1454 1726 praeteritum
1478 1660 1534 1706 de

149 1733 306 1779 haeresi
346 1734 401 1780 ad
439 1734 678 1781 Ecclesiam
714 1735 931 1782 venientes
967 1735 1057 1780 sine
1096 1734 1317 1797 baptismo
1357 1731 1533 1778 admissi

150 1815 251 1850 sunt
268 1807 287 1850 Ξ)
307 1825 327 1846 >>
346 1804 431 1850 Hic
448 1815 539 1850 tota
571 1822 701 1851 causa
722 1806 1054 1851 Donatistarum
1075 1842 1087 1862 ,
1110 1814 1212 1850 cum
1228 1803 1389 1867 quibus
1405 1802 1534 1848 nobis

150 1873 205 1919 de
221 1874 308 1920 hac
329 1875 568 1937 quaestione
589 1875 822 1922 conflictus
846 1886 908 1921 est
927 1913 939 1933 ,
966 1876 1141 1939 penitus
1163 1873 1453 1934 naufragavit.
1485 1872 1533 1918 Si

149 1944 266 1989 enim
291 1961 390 1991 vere
422 1945 691 2008 baptismum
722 1963 811 1992 non
835 1946 1089 2003 habebant,
1125 1945 1202 2009 qui
1233 1945 1451 1992 venientes
1476 1942 1532 1989 ab

149 2013 367 2060 haereticis
400 2015 461 2061 ita
481 2016 833 2080 suscipiebantur
851 2054 863 2074 ,
889 2028 930 2062 et
951 2029 1081 2080 super
1103 2032 1174 2061 eos
1197 2025 1320 2061 erant
1350 2022 1534 2077 peccata

150 2100 325 2139 eorum3
350 2101 453 2131 cum
476 2088 852 2133 communicatum
881 2097 943 2132 est
966 2086 1128 2132 talibus
1146 2123 1156 2142 ‚
1180 2085 1267 2131 sive
1288 2085 1343 2130 ab
1366 2084 1425 2129 eis
1453 2082 1533 2146 qui

149 2153 324 2201 fuerant
346 2165 444 2200 ante
468 2155 762 2219 Cyprianum,
800 2158 888 2203 sive
907 2157 961 2203 ab
975 2157 1070 2220 ipso
1093 2155 1337 2219 Cypriam,
1362 2169 1532 2200 necesse

151 2236 213 2272 est
234 2236 282 2271 ut
304 2241 443 2271 unum
465 2225 639 2273 dicatur
675 2242 724 2274 ex
758 2227 934 2274 duobus
952 2265 962 2285 ‚
1008 2236 1080 2273 aut
1103 2227 1277 2290 periisse
1299 2229 1390 2286 jam
1423 2235 1530 2270 tunc

150 2295 389 2342 Ecclesiam
401 2295 556 2343 talium
570 2299 877 2345 communione
895 2297 1174 2355 maculatam,
1192 2306 1372 2343 autnon
1383 2295 1531 2341 obesse

153 2366 359 2429 cuiquam
375 2367 422 2412 in
445 2367 612 2415 unitate
634 2369 906 2432 permanenti
935 2367 1018 2414 alia
1044 2368 1174 2414 etiam
1195 2376 1298 2413 nota
1328 2375 1522 2430 peccata.

153 2435 271 2481 Illud
294 2447 439 2482 autem
463 2439 566 2502 quia
589 2439 732 2486 dicere
763 2457 852 2486 non
881 2449 1088 2503 possunt,
1115 2438 1289 2503 periisse
1313 2447 1420 2482 tunc
1448 2436 1531 2480 Ec-

152 2505 328 2554 clesiam
353 2509 611 2571 contagione
636 2511 959 2560 communionis
980 2518 1133 2559 eorum
1172 2509 1250 2574 qui
1281 2507 1373 2556 sine
1409 2506 1529 2571 bap-

200 2601 215 2650 3
233 2602 413 2655 Curinus
426 2603 460 2655 {1²
473 2604 555 2657 epist,
569 2605 612 2657 ³2¹4
623 2606 832 2658 Quaque·
