1894 3154
381 223 475 271 336
789 237 825 269 ε.
867 236 1111 271 Aususrnw
1146 238 1352 270 EPISCOPI

384 320 496 355 tores
513 325 611 355 suos
635 306 755 354 dedit
777 325 936 372 panem
953 326 1096 364 suum,
1123 320 1165 356 et
1187 309 1339 356 vinum
1360 325 1486 356 suum
1503 347 1515 368 ,
1542 322 1585 357 et
1614 311 1756 358 oleum

387 396 513 426 suum
530 379 549 409 4
566 417 578 438 ,
619 390 660 425 et
684 379 764 425 alia
788 379 857 426 vel
881 380 1084 427 alimenta
1106 381 1174 428 vel
1199 392 1447 427 ornamenta
1464 419 1475 438 ,
1503 399 1603 446 quae
1634 400 1713 429 nec
1731 401 1755 429 a

387 467 428 496 se
452 451 546 514 ipsa
568 487 579 507 ‚
612 468 691 496 nec
714 450 768 496 ab
785 453 875 509 ejus
900 452 1169 497 amatoribus
1201 452 1240 497 ei
1263 463 1380 509 sunt,
1407 451 1480 498 sed
1501 454 1555 498 ab
1577 453 1653 499 illo
1677 453 1754 516 qui

386 541 480 570 eam
497 524 700 570 miserans
719 524 885 586 ubique
902 524 1040 570 voluit
1066 524 1121 570 ad
1144 540 1273 586 quem
1295 525 1442 571 redeat
1463 525 1703 572 admonere.

455 595 617 639 XXIV.
648 593 878 656 Numquid
900 605 1061 657 potest,
1085 595 1285 657 inquit2‚
1324 595 1388 641 vis
1423 596 1631 659 baptismi
1678 613 1765 641 ma-

385 670 456 725 jor
485 682 570 711 esse
591 675 665 710 aut
685 665 833 728 potior
853 682 985 728 quam
1010 665 1245 712 confessio?
1261 683 1393 729 quam
1412 668 1580 730 passio?
1600 678 1647 714 ut
1670 667 1767 731 quis

392 753 538 782 ocram
589 736 849 782 hominibus
894 736 1120 783 Christum
1158 737 1416 785 confiteatur
1434 776 1445 795 ,
1484 749 1525 784 et
1557 740 1762 799 sanguine

392 823 470 852 suo
510 806 796 870 baptizetur?
837 808 894 853 Et
919 817 1063 854 tamen
1081 845 1092 863 ,
1127 808 1301 871 inquit,
1338 825 1477 873 neque
1514 809 1601 855 hoc
1650 810 1768 872 bap-

396 879 518 925 tisma
553 878 763 924 haeretico
794 878 971 942 prodest
991 916 1002 936 ‚
1047 880 1244 943 quamvis
1285 880 1513 927 Christum
1553 880 1770 926 confessus

394 961 511 996 extra
538 948 775 995 Ecclesiam
804 948 935 995 fuerit
955 951 1136 997 occisus.
1168 951 1264 996 Hoc
1289 951 1558 997 verissimum
1576 961 1638 997 est
1659 969 1669 995 :
1697 967 1770 996 ex-

395 1031 461 1066 tra
479 1019 716 1065 Ecclesiam
742 1019 908 1083 quippe
932 1020 1100 1067 occisus
1123 1058 1134 1077 ,
1163 1021 1421 1067 charitatem
1447 1039 1536 1067 non
1565 1020 1771 1066 habuisse

395 1089 697 1146 convincitur,
731 1089 784 1134 de
811 1106 897 1152 qua
924 1090 1159 1152 Apostolus
1187 1090 1297 1136 dicit
1319 1109 1330 1135 ε
1369 1112 1389 1132 «
1411 1092 1468 1136 Et
1492 1091 1526 1136 si
1548 1089 1770 1135 tradidero

396 1185 417 1205 »
441 1179 602 1226 corpus
634 1179 781 1207 meum
805 1172 853 1207 ut
875 1162 1048 1208 ardeam
1067 1201 1079 1220 ,
1114 1163 1374 1209 charitatem
1395 1172 1539 1208 autem
1573 1178 1662 1207 non
1686 1161 1774 1206 ha-

396 1255 417 1276 »
435 1233 580 1288 beam,
601 1231 714 1277 nihil
736 1231 846 1277 mihi
862 1233 1042 1295 prodest
1064 1233 1097 1280 3,
1116 1254 1137 1275 2>
1155 1232 1288 1290 Quod
1308 1233 1342 1278 si
1364 1243 1547 1296 propter
1568 1231 1656 1277 hoc
1672 1231 1774 1294 quia

400 1305 589 1351 charitas
613 1304 747 1360 deest,
766 1306 907 1367 passio
925 1305 1038 1351 nihil
1057 1306 1257 1369 prodest,
1276 1322 1355 1351 nec
1372 1304 1456 1350 illis
1477 1304 1655 1368 prodest
1668 1319 1776 1367 quos

398 1376 444 1422 in
464 1374 630 1421 invidia
642 1374 757 1420 intus
775 1385 816 1419 et
839 1374 1141 1422 malevolentia
1165 1376 1252 1422 sine
1267 1375 1481 1421 charitate
1498 1374 1641 1421 vivere
1659 1375 1776 1419 Pau-

399 1446 467 1491 lus
487 1445 611 1501 dicit,
643 1445 891 1508 Cyprianus
911 1444 1087 1509 exponit
1114 1465 1124 1491 :
1154 1457 1195 1492 et
1219 1457 1365 1491 tamen
1386 1461 1537 1492 verum
1558 1444 1778 1508 baptisma

400 1525 584 1580 possunt
619 1525 662 1560 et
692 1515 887 1578 accipere
915 1526 956 1561 et
980 1516 1165 1564 tradere.
1197 1516 1342 1570 Salus,
1365 1515 1527 1579 inquit,
1549 1525 1665 1560 extra
1688 1515 1777 1559 Ec-

402 1587 682 1633 clesiam'non
699 1597 775 1632 est.
803 1586 914 1643 Quis
939 1592 1095 1648 negat?
1131 1589 1187 1633 Et
1209 1587 1306 1633 ideo
1338 1602 1628 1650 quaecumque
1645 1586 1779 1649 ipsius

405 1656 611 1702 Ecclesiae
629 1656 874 1713 hahentur,
901 1668 1015 1703 extra
1043 1657 1281 1704 Ecclesiam
1305 1674 1392 1703 non
1415 1657 1559 1704 valent
1578 1656 1634 1701 ad
1663 1656 1781 1701 salu—

403 1738 505 1774 tem.
537 1726 622 1772 Sed
646 1726 765 1772 aliud
785 1737 846 1772 est
864 1745 953 1773 non
976 1728 1155 1785 habere,
1177 1727 1294 1774 aliud
1315 1745 1404 1773 non
1423 1727 1586 1773 utiliter
1597 1727 1774 1772 habere.

407 1797 496 1855 Qui
514 1814 603 1842 non
626 1797 779 1853 habet,
814 1808 875 1843 est
902 1798 1193 1862 baptizandus
1216 1809 1265 1844 ut
1287 1798 1450 1844 habeat
1479 1815 1489 1842 ε
1527 1798 1604 1861 qui
1639 1807 1782 1843 autem

406 1883 498 1912 non
522 1866 685 1911 utiliter
703 1866 866 1923 habet,
895 1878 945 1912 ut
974 1868 1138 1914 utiliter
1167 1868 1330 1914 habeat
1360 1867 1654 1927 corrigendus.
1693 1867 1783 1911 Nec

403 1936 599 1984 adultera
623 1945 686 1981 est
712 1951 824 1998 aqua
853 1936 896 1981 in
932 1937 1153 2000 baptismo
1188 1937 1516 1992 haereticorum,
1567 1937 1671 2001 quia
1702 1952 1783 1981 nec

409 2009 504 2071 ipsa
527 2016 724 2052 creatura
749 2023 882 2069 quam
914 2008 1030 2053 Deus
1054 2007 1277 2063 condidit,
1307 2007 1420 2053 mala
1443 2017 1528 2064 est,
1551 2025 1631 2054 nec
1650 2007 1784 2054 verba

409 2075 670 2136 Evangelica
683 2075 728 2121 in
747 2076 1019 2139 quibuslibet
1041 2078 1285 2124 errantibus
1296 2077 1652 2140 reprehendenda
1663 2088 1780 2133 sunt,

408 2147 483 2194 sed
507 2163 624 2192 error
641 2145 817 2191 illorum
837 2146 883 2191 in
908 2163 996 2210 quo
1023 2148 1217 2194 adultera
1242 2158 1304 2193 est
1332 2148 1475 2194 anima
1492 2185 1502 2204 ,
1531 2148 1608 2193 etsi
1632 2166 1654 2194 a
1676 2148 1784 2209 legi—

409 2219 515 2262 timo
539 2217 633 2263 viro
657 2217 913 2262 sacramenti
934 2218 1096 2264 habeat
1118 2229 1437 2265 ornamentum.
1476 2219 1623 2265 Potest
1652 2219 1785 2279 igitur

408 2288 535 2333 nobis
559 2298 601 2333 et
626 2287 843 2333 haereticis
873 2288 1091 2352 baptisma
1111 2307 1196 2335 esse
1218 2306 1474 2347 commune,
1506 2306 1606 2336 cum
1627 2290 1785 2352 quibus

409 2367 552 2421 potest
572 2367 614 2403 et
634 2357 919 2417 Evangelium
935 2375 1021 2405 esse
1045 2375 1293 2415 commune,
1317 2360 1514 2423 quamvis
1533 2378 1556 2406 a
1577 2360 1662 2406 fide
1682 2377 1785 2405 nos-

409 2440 475 2474 tra
501 2445 619 2474 error
642 2428 770 2474 distet
792 2429 975 2475 illorum
996 2448 1006 2475 :
1038 2431 1126 2478 sive
1145 2430 1263 2477 aliud
1282 2430 1334 2475 de
1353 2432 1482 2477 Patre
1503 2431 1572 2478 vel
1598 2431 1652 2477 de
1677 2431 1785 2476 Filio

407 2498 476 2569 vel
493 2498 546 2543 de
565 2498 733 2562 Spiritu
759 2509 908 2545 sancto
926 2500 1112 2547 sentiant
1129 2517 1261 2564 quam
1278 2500 1434 2547 veritas
1451 2501 1605 2558 habet,
1628 2501 1715 2548 sive
1729 2500 1785 2547 ah

455 2582 572 2615 losee.
588 2593 628 2623 11,
643 2583 674 2630 5.
687 2600 728 2609 —
750 2580 766 2605 ²
779 2582 957 2628 Cyprianus
973 2584 1007 2618 in
1024 2585 1118 2630 epist.
1134 2584 1174 2618 ad
1187 2585 1341 2621 Jubaian.
1358 2603 1403 2612 -
1415 2581 1429 2609 3
1449 2596 1462 2618 x
1480 2586 1554 2618 Cor.
1568 2596 1647 2626 xm,
1665 2586 1697 2621 3.
