1894 3154
318 267 491 314 comm
527 266 770 298 nmsromu
807 267 1103 308 mmmmm-1,
1144 270 1229 299 tm.
1274 272 1341 300 ιιι.
1449 256 1538 300 223

173 334 324 380 cienda
342 345 404 380 cst
421 372 432 391 ‚
454 334 568 380 hanc
586 371 597 388 ,
619 343 846 395 antequam
869 334 925 379 ab
941 334 1030 378 istis
1048 334 1168 378 ficret
1186 371 1197 389 ‚
1215 351 1438 397 nunquam
1455 335 1542 381 fac—

174 414 260 449 tam
283 404 410 449 fuisse
429 415 514 449 tam
532 403 657 463 longe
672 441 682 459 ‚
710 414 757 448 ut
782 403 922 448 Africa
942 403 1117 448 omnino
1135 404 1339 458 nesciret,
1368 405 1479 450 sicut
1497 406 1542 450 in

172 474 367 518 extremis
390 473 564 518 illarum
588 473 777 536 partium
805 473 925 518 terris
954 490 1054 535 pars
1082 471 1239 518 Donati
1269 491 1445 536 prorsus
1471 474 1539 533 ig-

172 553 271 588 nota
295 545 384 587 est?
413 544 605 587 Fortasse
629 542 777 588 dicent
803 542 948 587 obesse
975 542 1058 588 sibi
1095 560 1183 587 non
1207 545 1396 606 potuisse
1419 543 1539 606 quod

172 612 446 672 ignorabant.
473 612 545 658 Sic
568 629 668 672 ergo
692 623 733 658 et
749 611 832 657 illis
858 612 977 657 terris
995 612 1141 657 obesse
1158 629 1245 657 non
1265 623 1406 675 potest
1423 612 1542 675 quod

174 691 338 740 gestum
352 681 398 726 in
415 681 561 727 Africa
576 682 801 742 ignorant,
819 681 983 727 etiamsi
1002 698 1100 726 vera
1115 682 1184 727 isti
1204 681 1418 738 dicerent,
1440 699 1542 746 quae

174 750 227 797 dc
248 751 448 796 Afrorum
473 752 730 797 criminibus
748 752 1030 799 mentiuntur.
1063 752 1109 796 Si
1134 762 1277 797 autem
1302 751 1456 797 dicunt
1473 752 1542 798 la-

174 833 262 868 tere
282 839 324 867 se
344 839 432 867 non
459 823 648 886 potuisse
665 860 676 879 ‚
699 823 732 868 si
754 825 873 868 fieret
896 841 906 868 ε
936 821 1065 868 modo
1087 822 1236 868 dicant
1251 860 1262 878 ‚
1297 840 1374 886 per
1397 840 1542 868 omnes

175 893 292 939 orbis
318 903 442 939 terrae
469 904 611 957 partes
631 894 747 957 quod
768 894 955 939 schisma
973 894 1137 939 factum
1165 894 1232 939 sit.
1263 894 1457 939 Nimium
1483 905 1545 939 est

175 962 293 1026 quod
309 963 525 1022 interrogo
549 981 560 1008 z
581 964 626 1008 in
647 964 741 1026 ipsa
763 964 903 1009 Africa
924 964 1074 1009 dicant
1096 963 1338 1008 Donatistae
1360 963 1544 1009 Cartha-

175 1033 410 1094 ginienses,
437 1033 503 1079 vel
531 1035 798 1097 quicumque
826 1044 926 1079 sunt
960 1033 1004 1078 in
1036 1033 1211 1079 civitate
1241 1033 1541 1093 Carthaginis,

175 1113 284 1167 quot
306 1113 449 1165 partes
472 1120 550 1166 per
570 1103 820 1149 Numidiam
845 1114 886 1149 et
909 1104 1213 1149 Mauritaniam
1237 1102 1364 1148 factae
1388 1104 1474 1148 sint
1491 1103 1544 1149 de

176 1172 269 1236 ipsa
289 1183 412 1236 parte
436 1173 596 1219 Donati
615 1211 626 1230 ,
650 1191 833 1237 quarum
859 1175 1054 1234 omnium
1082 1191 1230 1219 causas
1254 1173 1401 1236 utique
1423 1191 1544 1219 nosse

176 1242 382 1305 deberent
401 1263 413 1296 ;
434 1260 487 1288 ne
503 1242 613 1288 forte
624 1245 730 1303 justi
749 1244 880 1307 aliqui
903 1244 947 1288 in
964 1244 1212 1303 regionibus
1229 1243 1311 1289 illis
1329 1243 1543 1289 malorum

170 1330 348 1359 suorum
362 1313 608 1358 societatem
628 1315 1090 1378 congregationemque
1106 1314 1360 1370 vitaverint,
1384 1324 1424 1359 et
1440 1315 1545 1360 exie-

173 1384 260 1429 rint
284 1383 385 1428 inde
404 1420 415 1439 ‚
443 1400 496 1429 ne
516 1384 796 1429 immundum
819 1395 1039 1444 tangerent
1060 1422 1070 1441 ,
1098 1401 1150 1429 nc
1173 1401 1273 1430 cum
1297 1383 1547 1430 facinorosis

174 1454 431 1507 introirent;
457 1471 510 1499 ne
529 1454 638 1500 forte
662 1455 731 1500 isti
750 1458 840 1513 jam
867 1465 963 1500 ante
986 1454 1148 1518 aliquot
1177 1471 1308 1499 annos
1332 1454 1378 1498 in
1400 1453 1545 1517 aliquo

175 1523 332 1583 angulo
355 1524 575 1569 Numidiae
593 1524 659 1570 vel
684 1525 958 1570 Mauritaniee
977 1524 1277 1586 separantibus
1300 1540 1341 1568 se
1357 1523 1547 1569 frumen-

175 1594 229 1639 tis
248 1593 372 1657 palea
393 1595 675 1640 remanserint
691 1606 733 1640 ct
757 1594 998 1643 nesciuntl.
1027 1594 1109 1640 Sed
1133 1594 1248 1639 unde
1269 1594 1405 1639 securi
1422 1605 1542 1650 sunt,

175 1664 256 1710 nisi
274 1664 377 1727 quia
395 1676 561 1710 certum
589 1665 755 1711 habent
774 1666 912 1711 bonos
933 1682 1018 1711 esse
1049 1682 1136 1711 non
1162 1665 1376 1728 potuisse,
1408 1665 1484 1728 qui
1505 1682 1546 1710 se

178 1735 235 1780 ab
258 1735 422 1779 unitate
439 1736 757 1780 communionis
785 1736 966 1791 Donati,
990 1751 1089 1798 quae
1106 1752 1182 1797 per
1204 1744 1335 1779 totam
1355 1734 1545 1780 Africam

179 1804 464 1865 diffunditur,
491 1808 798 1864 segregarunt?
833 1805 947 1862 Quia
980 1805 1015 1850 si
1040 1804 1172 1850 malos
1202 1803 1368 1867 aliquos
1396 1805 1442 1849 in
1471 1821 1547 1850 sua

179 1873 399 1919 vicinitate
422 1874 705 1937 patiebantur
722 1912 732 1931 ‚
755 1892 864 1938 quos
886 1873 1107 1920 ostendere
1133 1874 1299 1920 caeteris
1321 1891 1409 1919 non
1429 1874 1549 1920 vale-

180 1944 310 2000 bant,
337 1961 408 1989 eos
431 1944 609 1990 tolerare
629 1945 778 2008 potius
800 1945 1075 2000 debuerunt,
1099 1961 1230 2007 quam
1251 1944 1443 1990 dividere
1467 1962 1509 1990 se
1526 1963 1550 1991 a

184 2024 245 2060 tot
266 2015 573 2060 innocentibus
590 2052 601 2071 ,
625 2016 787 2079 quibus
810 2015 1059 2078 persuaderi
1077 2032 1165 2060 non
1187 2025 1390 2077 poterant
1413 2014 1551 2060 aliena

181 2095 389 2148 peccata,
419 2085 585 2130 etiamsi
608 2102 656 2130 ea
680 2086 763 2148 ipsi
794 2088 960 2148 optime
991 2094 1175 2130 nossent.
1212 2084 1304 2129 Cur
1332 2100 1432 2143 ergo
1454 2084 1553 2130 haec

182 2156 429 2201 innocentia
451 2173 538 2201 non
560 2156 765 2202 tribuitur
791 2157 888 2201 orbi
911 2166 1122 2202 terrarum
1148 2154 1194 2199 in
1212 2164 1332 2199 tanta
1350 2154 1554 2201 multitu-

184 2225 286 2271 dine
305 2227 523 2285 gentium,
559 2243 838 2290 quacumque
872 2226 1035 2271 Christi
1066 2224 1299 2270 haereditas
1327 2227 1480 2287 patet,
1507 2235 1556 2271 ut

187 2306 300 2342 certa
317 2309 445 2360 atque
466 2314 614 2343 secura
640 2297 694 2342 sit
711 2334 721 2353 ,
744 2315 814 2343 605
831 2297 907 2360 qui
931 2313 972 2341 se
990 2296 1131 2340 bonos
1158 2293 1340 2351 dicunt,
1371 2305 1413 2340 et
1437 2312 1479 2340 se
1500 2296 1556 2341 ab

186 2366 326 2412 omnis
349 2377 469 2412 terrae
494 2367 658 2412 unitate
677 2373 910 2426 sejungunt
927 2401 938 2420 ,
961 2382 1010 2410 eo
1030 2365 1126 2427 ipso
1144 2362 1438 2410 demonstrare
1454 2382 1559 2428 qua-

188 2436 247 2482 les
264 2437 378 2482 sint?
404 2436 500 2482 Sibi
521 2437 635 2483 enim
654 2437 760 2497 justi
780 2436 1009 2490 videntur,
1037 2444 1079 2479 et
1108 2444 1320 2497 spernunt
1352 2445 1560 2489 caeteros;

189 2517 230 2552 et
250 2506 348 2552 ideo
373 2524 460 2553 non
477 2517 656 2555 cantant
688 2507 908 2553 canticum
932 2522 1094 2555 novum
1112 2541 1124 2560 ,
1157 2503 1261 2568 quia
1279 2504 1332 2550 de
1355 2506 1560 2569 superbia

242 2590 252 2612 ¹
269 2592 364 2622 Forte
383 2590 538 2623 nesciant.
