1894 3154
302 220 394 283 474
719 236 756 267 s.
798 235 1040 268 AUGUSTINI
1077 236 1279 270 EPISCOPI

302 300 457 346 crabili
484 311 525 351 et
559 300 694 364 impia
726 301 922 351 caecitate
944 319 1017 348 vos
1043 320 1067 348 a
1094 300 1320 348 frumentis
1347 300 1538 358 Christi,
1571 320 1672 367 quae

302 386 380 432 per
402 381 540 416 totum
559 389 729 432 agrum,
749 372 792 418 id
812 383 888 426 est,
916 384 1056 418 totum
1077 372 1289 418 mundum
1316 389 1450 436 usque
1471 374 1525 419 ad
1542 375 1672 420 finem

303 453 501 486 crescunt
517 479 527 497 ,
561 444 711 504 paucis
731 444 775 489 in
798 443 941 490 Africa
966 444 1138 489 zizaniis
1155 444 1301 490 offensi
1326 443 1600 506 praecidistis,

368 511 503 558 XXV.
542 513 764 558 Postremo
801 524 1102 559 testamentum
1135 531 1157 558 a
1185 513 1449 575 quibusdam
1474 530 1674 576 persecu-

304 579 431 624 tionis
454 590 647 642 tempore
673 582 857 626 flammis
879 582 1086 628 traditum
1109 582 1368 647 perhibetur
1398 600 1409 628 ι
1438 600 1556 629 nunc
1586 600 1676 629 un-

304 647 546 710 decumque
568 650 785 712 prolatum
803 662 864 696 est
888 651 1104 697 recitetur.
1137 651 1263 697 Certe
1291 652 1337 697 in
1361 652 1536 697 exordio
1566 669 1675 715 pro-

303 717 553 764 missionum
584 721 795 766 testatoris
818 722 863 767 id
885 723 1105 768 invenitur
1127 721 1317 767 Abrahae
1349 722 1516 767 dictum
1537 741 1547 767 ε
1577 744 1598 764 (ι
1624 724 1676 771 In

304 808 325 830 »
349 790 506 835 semine
534 801 608 836 tuo
631 792 944 838 benedicentur
968 810 1114 838 omnes
1135 803 1279 852 gentes
1301 793 1318 822 ‘¹
1337 811 1347 838 ε
1367 814 1386 834 »
1409 804 1450 838 et
1467 794 1551 838 hoc
1569 792 1678 856 quid

303 859 384 916 sit,
416 877 541 906 verax
563 864 873 926 interpretatur
892 863 1125 927 Apostolus
1149 881 1159 908 ε
1190 884 1208 904 κ
1230 865 1281 908 ln
1305 864 1480 917 semine,
1503 863 1645 927 inquit
1663 899 1674 919 ‚

302 949 324 971 >2
345 939 419 975 tuo
436 968 446 986 ‚
475 931 593 994 quod
618 943 678 978 est
710 934 910 979 Christus
925 935 959 980 2.
996 955 1017 975 ))
1043 933 1214 979 Nullius
1239 933 1413 978 traditio
1445 932 1576 978 fidem
1601 933 1680 979 Dei

304 1003 544 1049 evacuavit.
576 1004 906 1050 Communicate
925 1004 1132 1050 omnibus
1156 1004 1386 1063 gentibus3
1416 1014 1458 1048 et
1481 1015 1586 1049 tunc
1605 1020 1680 1048 vos

305 1080 608 1118 testamentum
637 1092 660 1122 a
695 1076 887 1137 pernicie
919 1075 1195 1121 flammarum
1229 1090 1497 1119 conservasse
1521 1072 1682 1132 gloria-

306 1141 428 1187 mini.
451 1141 495 1186 Si
517 1153 658 1188 autem
683 1161 769 1189 non
791 1144 940 1200 vultis,
964 1161 1065 1207 quae
1079 1160 1180 1206 pars
1199 1143 1345 1205 potius
1368 1142 1583 1188 credenda
1597 1152 1677 1198 est,

308 1211 427 1273 quod
459 1223 710 1259 testamento
735 1214 935 1260 institerit
967 1212 1206 1268 exurend0‚
1237 1212 1319 1258 nisi
1349 1229 1448 1275 quae
1476 1229 1564 1257 non
1587 1210 1683 1257 vult

309 1283 548 1327 consentire
570 1283 769 1346 prolato?
793 1285 970 1340 Quanto
998 1284 1110 1328 enim
1141 1283 1299 1328 certius
1319 1282 1409 1326 sine
1439 1281 1583 1344 aliqua
1613 1291 1681 1325 te-

308 1353 502 1398 meritate
526 1354 748 1414 sacrilega,
770 1355 840 1399 ille
868 1354 1152 1400 traditoribus
1173 1351 1678 1411 successissejudicatur‚

308 1422 384 1485 qui
403 1439 520 1468 nunc
534 1423 680 1483 lingua
703 1425 976 1488 persequitur
991 1433 1319 1477 testamentum,
1333 1421 1452 1485 quod
1473 1421 1536 1467 illi
1553 1420 1677 1466 flam-

306 1509 376 1536 ma
401 1494 614 1555 persecuti
632 1495 953 1557 perhibentur?
978 1493 1183 1553 Objicitis
1201 1492 1543 1555 persecutionem
1559 1509 1571 1546 3
1589 1507 1673 1535 res-

310 1562 504 1625 pondent
528 1564 652 1609 vobis
669 1564 887 1610 frumenta
909 1564 1139 1610 Dominica
1158 1580 1169 1607 :
1196 1564 1405 1621 Autjuste
1422 1561 1681 1618 factumest,

312 1643 384 1677 aut
421 1633 545 1696 palea
572 1645 717 1680 nostra
748 1634 866 1681 fecit.
906 1633 1027 1691 Quid
1054 1633 1109 1678 ad
1134 1633 1232 1678 haec
1266 1632 1442 1678 dicitis?
1479 1629 1686 1690 Objicitis

312 1705 431 1767 quod
459 1704 725 1767 baptismum
751 1723 838 1752 non
858 1706 1101 1752 habeamus
1125 1724 1137 1758 3
1175 1702 1439 1766 respondent
1461 1702 1584 1748 vobis
1609 1717 1686 1745 ea-

312 1775 409 1820 dem
428 1775 645 1820 frumenta
670 1777 917 1832 Dominica,
944 1775 1131 1821 formam
1149 1773 1405 1820 sacramenti
1423 1773 1551 1818 etiam
1572 1771 1689 1820 intus

311 1845 573 1907 quibusdam
595 1846 707 1891 nihil
733 1846 950 1910 prodesse,
975 1846 1089 1891 sicut
1115 1843 1282 1889 Simoni
1310 1845 1438 1903 Mago
1464 1841 1688 1904 baptizato

312 1932 400 1960 non
420 1915 651 1977 proderat3
693 1916 830 1961 multo
860 1917 994 1975 magis
1025 1915 1136 1960 nihil
1161 1912 1364 1975 prodesse
1394 1913 1446 1957 iis
1479 1911 1556 1975 qui
1585 1910 1690 1956 foris

314 1996 445 2030 sunt:
479 1985 614 2030 inesse
647 1985 729 2031 illis
767 1996 909 2031 tamen
944 1984 1268 2030 discedentibus
1303 1983 1410 2027 hinc
1439 1981 1687 2044 probatur,

314 2055 431 2118 quod
455 2056 736 2102 redeuntibus
766 2073 854 2101 non
885 2054 1142 2100 restituitur.
1182 2053 1420 2114 Nunquam
1443 2051 1576 2110 igitur
1609 2049 1692 2094 nisi

313 2126 686 2189 impudentissime
706 2126 869 2189 poteris
901 2125 1102 2171 adversus
1128 2123 1209 2169 ista
1234 2121 1452 2171 frumenta
1476 2119 1662 2165 clamare
1677 2155 1688 2174 ‚

311 2207 351 2241 ct
372 2197 514 2243 dicere
534 2196 966 2260 pseudo-prophetas
980 2193 1155 2240 vestitos
1179 2191 1369 2255 pellibus
1393 2189 1556 2242 ovium,
1577 2189 1693 2233 intus

314 2278 456 2312 autem
476 2267 603 2331 lupos
620 2284 824 2330 rapaces.-
847 2263 1207 2329 quandoquidem
1229 2261 1364 2307 malos
1382 2260 1429 2309 in
1447 2259 1610 2305 unitate
1624 2274 1694 2303 ca·-

313 2337 476 2382 tholica
502 2338 572 2383 vel
592 2354 682 2384 non
716 2347 948 2392 noverunt,
975 2335 1043 2382 vel
1065 2350 1147 2398 pro
1184 2331 1349 2378 unitate
1377 2329 1563 2376 tolerant
1586 2344 1694 2391 quos

313 2419 543 2455 noverunt.

376 2478 538 2526 XXVI.
568 2477 739 2526 Vestros
760 2489 903 2525 autem
919 2478 1090 2528 fructus
1107 2475 1142 2526 si
1167 2472 1518 2523 consideremus:
1536 2470 1693 2516 omitto

363 2562 373 2584 ¹
395 2564 478 2595 Gen.
498 2573 583 2606 xxix,
604 2565 658 2596 18.
677 2581 722 2593 ι-
735 2562 751 2587 2
766 2564 872 2598 Galat.
889 2576 943 2603 111,
964 2566 1017 2596 16.
