<?xml version="1.0" encoding="UTF-8"?>
<!DOCTYPE html PUBLIC "-//W3C//DTD XHTML 1.0 Transitional//EN"
    "http://www.w3.org/TR/xhtml1/DTD/xhtml1-transitional.dtd">
<html xmlns="http://www.w3.org/1999/xhtml" xml:lang="en" lang="en">
 <head>
  <title>
</title>
<meta http-equiv="Content-Type" content="text/html;charset=utf-8" />
  <meta name='ocr-system' content='tesseract 3.04.00' />
  <meta name='ocr-capabilities' content='ocr_page ocr_carea ocr_par ocr_line ocrx_word'/>
</head>
<body>
  <div class='ocr_page' id='page_1' title='image "./operaomniaaccura31auguuoft_0274.png"; bbox 0 0 1894 3154; ppageno 0'>
   <div class='ocr_carea' id='block_1_1' title="bbox 245 203 1228 258">
    <p class='ocr_par' dir='ltr' id='par_1_1' title="bbox 245 203 1228 258">
     <span class='ocr_line' id='line_1_1' title="bbox 245 203 1228 258; baseline -0.002 -10"><span class='ocrx_word' id='word_1_1' title='bbox 245 203 341 258; x_wconf 65' lang='grc'>264-</span> <span class='ocrx_word' id='word_1_2' title='bbox 663 216 700 248; x_wconf 75' lang='grc' dir='ltr'><em>ε.</em></span> <span class='ocrx_word' id='word_1_3' title='bbox 744 214 989 246; x_wconf 68' lang='lat' dir='ltr'><em>mensum</em></span> <span class='ocrx_word' id='word_1_4' title='bbox 1024 214 1228 246; x_wconf 71' lang='lat' dir='ltr'><em>muscori</em></span> 
     </span>
    </p>
   </div>
   <div class='ocr_carea' id='block_1_2' title="bbox 245 378 1618 394">
    <p class='ocr_par' dir='ltr' id='par_1_2' title="bbox 245 378 1618 394">
     <span class='ocr_line' id='line_1_2' title="bbox 245 378 1618 394; baseline 0.001 -3"><span class='ocrx_word' id='word_1_5' title='bbox 245 378 490 393; x_wconf 54' lang='grc' dir='ltr'><em>Μινὶἱιὶνδὶ</em></span> <span class='ocrx_word' id='word_1_6' title='bbox 497 380 732 394; x_wconf 51' lang='grc' dir='ltr'><em>ιἋὶνιιπιιη,</em></span> <span class='ocrx_word' id='word_1_7' title='bbox 738 381 756 392; x_wconf 63' lang='grc' dir='ltr'>ι</span> <span class='ocrx_word' id='word_1_8' title='bbox 763 380 879 393; x_wconf 53' lang='grc' dir='ltr'><em>..ΠΜ</em></span> <span class='ocrx_word' id='word_1_9' title='bbox 886 380 916 391; x_wconf 63' lang='lat' dir='ltr'><strong>t</strong></span> <span class='ocrx_word' id='word_1_10' title='bbox 923 379 1618 392; x_wconf 52' lang='lat' dir='ltr'><em>§.si04⁸1!=x§=m§u.==sxsz==z.=sssuss</em></span> 
     </span>
    </p>
   </div>
   <div class='ocr_carea' id='block_1_3' title="bbox 796 501 1071 546">
    <p class='ocr_par' dir='ltr' id='par_1_3' title="bbox 796 501 1071 546">
     <span class='ocr_line' id='line_1_3' title="bbox 796 501 1071 546; baseline 0.004 -1"><span class='ocrx_word' id='word_1_11' title='bbox 796 501 976 546; x_wconf 88' lang='lat' dir='ltr'>LIBER</span> <span class='ocrx_word' id='word_1_12' title='bbox 1012 501 1071 546; x_wconf 89' lang='lat' dir='ltr'><em>II.</em></span> 
     </span>
    </p>
   </div>
   <div class='ocr_carea' id='block_1_4' title="bbox 247 641 1633 1150">
    <p class='ocr_par' dir='ltr' id='par_1_4' title="bbox 247 641 1620 830">
     <span class='ocr_line' id='line_1_4' title="bbox 247 641 1620 716; baseline 0.002 -33"><span class='ocrx_word' id='word_1_13' title='bbox 247 641 306 683; x_wconf 85' lang='lat' dir='ltr'><em>In</em></span> <span class='ocrx_word' id='word_1_14' title='bbox 338 658 424 716; x_wconf 65' lang='lat' dir='ltr'><em>quo</em></span> <span class='ocrx_word' id='word_1_15' title='bbox 448 642 608 700; x_wconf 74' lang='lat' dir='ltr'><em>probat</em></span> <span class='ocrx_word' id='word_1_16' title='bbox 631 644 919 702; x_wconf 81' lang='lat' dir='ltr'><em>Augustinus,</em></span> <span class='ocrx_word' id='word_1_17' title='bbox 948 643 1254 684; x_wconf 71' lang='lat' dir='ltr'><em>auctoritatem</em></span> <span class='ocrx_word' id='word_1_18' title='bbox 1279 643 1495 699; x_wconf 62' lang='lat' dir='ltr'><em>Cypaeiuni</em></span> <span class='ocrx_word' id='word_1_19' title='bbox 1515 646 1620 701; x_wconf 82' lang='lat' dir='ltr'><em>epis·</em></span> 
     </span>
     <span class='ocr_line' id='line_1_5' title="bbox 309 708 1619 766; baseline 0.002 -19"><span class='ocrx_word' id='word_1_20' title='bbox 309 708 405 764; x_wconf 80' lang='lat' dir='ltr'><em>copi</em></span> <span class='ocrx_word' id='word_1_21' title='bbox 436 717 476 750; x_wconf 86' lang='lat' dir='ltr'><em>et</em></span> <span class='ocrx_word' id='word_1_22' title='bbox 507 710 718 766; x_wconf 76' lang='lat' dir='ltr'><em>martyris</em></span> <span class='ocrx_word' id='word_1_23' title='bbox 754 710 921 765; x_wconf 69' lang='lat' dir='ltr'><em>frustra</em></span> <span class='ocrx_word' id='word_1_24' title='bbox 949 708 1161 763; x_wconf 74' lang='lat' dir='ltr'><em>objectmi</em></span> <span class='ocrx_word' id='word_1_25' title='bbox 1181 725 1207 749; x_wconf 84' lang='lat' dir='ltr'><strong><em>a</em></strong></span> <span class='ocrx_word' id='word_1_26' title='bbox 1230 708 1490 757; x_wconf 78' lang='lat' dir='ltr'><em>Donatistis,</em></span> <span class='ocrx_word' id='word_1_27' title='bbox 1524 725 1619 763; x_wconf 76' lang='lat' dir='ltr'><em>quoe</em></span> 
     </span>
     <span class='ocr_line' id='line_1_6' title="bbox 305 771 1620 830; baseline 0.002 -19"><span class='ocrx_word' id='word_1_28' title='bbox 305 771 398 812; x_wconf 75' lang='lat' dir='ltr'><em>iuis</em></span> <span class='ocrx_word' id='word_1_29' title='bbox 412 772 633 814; x_wconf 79' lang='lat' dir='ltr'><em>nimirum</em></span> <span class='ocrx_word' id='word_1_30' title='bbox 649 773 793 830; x_wconf 79' lang='lat' dir='ltr'><em>magis</em></span> <span class='ocrx_word' id='word_1_31' title='bbox 809 788 942 826; x_wconf 80' lang='lat' dir='ltr'><em>quam</em></span> <span class='ocrx_word' id='word_1_32' title='bbox 961 772 1200 815; x_wconf 74' lang='lat' dir='ltr'><em>Catholicis</em></span> <span class='ocrx_word' id='word_1_33' title='bbox 1218 773 1355 813; x_wconf 74' lang='lat' dir='ltr'><em>adver</em></span> <span class='ocrx_word' id='word_1_34' title='bbox 1347 783 1474 814; x_wconf 73' lang='lat' dir='ltr'><em>²setu·1²²</em></span> <span class='ocrx_word' id='word_1_35' title='bbox 1477 773 1539 815; x_wconf 82' lang='grc' dir='ltr'><em>,Ε</em></span> <span class='ocrx_word' id='word_1_36' title='bbox 1545 789 1620 814; x_wconf 89' lang='lat' dir='ltr'><em>um</em></span> 
     </span>
    </p>

    <p class='ocr_par' dir='ltr' id='par_1_5' title="bbox 254 837 1633 1085">
     <span class='ocr_line' id='line_1_7' title="bbox 254 837 1620 894; baseline 0.004 -21"><span class='ocrx_word' id='word_1_37' title='bbox 254 871 263 873; x_wconf 62' lang='grc'><strong>,</strong></span> <span class='ocrx_word' id='word_1_38' title='bbox 310 837 430 878; x_wconf 83' lang='lat' dir='ltr'><em>enim</em></span> <span class='ocrx_word' id='word_1_39' title='bbox 445 837 732 892; x_wconf 76' lang='lat' dir='ltr'><em>proedeccssor</em></span> <span class='ocrx_word' id='word_1_40' title='bbox 736 853 771 879; x_wconf 77' lang='lat' dir='ltr'><em>es</em></span> <span class='ocrx_word' id='word_1_41' title='bbox 791 838 859 879; x_wconf 85' lang='lat' dir='ltr'><em>sui</em></span> <span class='ocrx_word' id='word_1_42' title='bbox 875 838 1124 894; x_wconf 72' lang='lat' dir='ltr'><em>Agrippini¹</em></span> <span class='ocrx_word' id='word_1_43' title='bbox 1139 839 1403 879; x_wconf 83' lang='lat' dir='ltr'><em>sententia-m</em></span> <span class='ocrx_word' id='word_1_44' title='bbox 1426 838 1476 878; x_wconf 84' lang='lat' dir='ltr'><em>de</em></span> <span class='ocrx_word' id='word_1_45' title='bbox 1493 839 1581 878; x_wconf 73' lang='lat' dir='ltr'><em>hcm</em></span> <span class='ocrx_word' id='word_1_46' title='bbox 1572 854 1620 878; x_wconf 90' lang='lat' dir='ltr'><em>e-</em></span> 
     </span>
     <span class='ocr_line' id='line_1_8' title="bbox 312 901 1630 959; baseline 0.002 -19"><span class='ocrx_word' id='word_1_47' title='bbox 312 901 409 942; x_wconf 77' lang='lat' dir='ltr'><em>ticis</em></span> <span class='ocrx_word' id='word_1_48' title='bbox 430 902 479 941; x_wconf 90' lang='lat' dir='ltr'><em>in</em></span> <span class='ocrx_word' id='word_1_49' title='bbox 501 902 715 944; x_wconf 76' lang='lat' dir='ltr'><em>catholiea</em></span> <span class='ocrx_word' id='word_1_50' title='bbox 737 901 952 950; x_wconf 75' lang='lat' dir='ltr'><em>Ecclesia,</em></span> <span class='ocrx_word' id='word_1_51' title='bbox 977 917 1077 942; x_wconf 83' lang='lat' dir='ltr'><em>cum</em></span> <span class='ocrx_word' id='word_1_52' title='bbox 1099 904 1159 942; x_wconf 79' lang='lat' dir='ltr'><em>act</em></span> <span class='ocrx_word' id='word_1_53' title='bbox 1183 917 1281 942; x_wconf 81' lang='lat' dir='ltr'><em>eum</em></span> <span class='ocrx_word' id='word_1_54' title='bbox 1301 903 1504 948; x_wconf 73' lang='lat' dir='ltr'><em>veniunt,</em></span> <span class='ocrx_word' id='word_1_55' title='bbox 1526 902 1630 959; x_wconf 81' lang='lat' dir='ltr'><em>bap-</em></span> 
     </span>
     <span class='ocr_line' id='line_1_9' title="bbox 313 966 1630 1024; baseline 0.002 -19"><span class='ocrx_word' id='word_1_56' title='bbox 313 966 503 1007; x_wconf 73' lang='lat' dir='ltr'><em>tizandis</em></span> <span class='ocrx_word' id='word_1_57' title='bbox 525 982 613 1007; x_wconf 84' lang='lat' dir='ltr'><em>non</em></span> <span class='ocrx_word' id='word_1_58' title='bbox 637 967 848 1008; x_wconf 77' lang='lat' dir='ltr'><em>censuisse</em></span> <span class='ocrx_word' id='word_1_59' title='bbox 883 967 1197 1024; x_wconf 70' lang='lat' dir='ltr'><em>recipiendam,</em></span> <span class='ocrx_word' id='word_1_60' title='bbox 1233 967 1322 1007; x_wconf 82' lang='lat' dir='ltr'><em>nisi</em></span> <span class='ocrx_word' id='word_1_61' title='bbox 1348 982 1394 1007; x_wconf 84' lang='lat' dir='ltr'><em>eo</em></span> <span class='ocrx_word' id='word_1_62' title='bbox 1425 977 1567 1021; x_wconf 82' lang='lat' dir='ltr'><em>pacto,</em></span> <span class='ocrx_word' id='word_1_63' title='bbox 1592 977 1630 1007; x_wconf 86' lang='lat' dir='ltr'><em>et</em></span> 
     </span>
     <span class='ocr_line' id='line_1_10' title="bbox 309 1031 1633 1085; baseline 0.001 -14"><span class='ocrx_word' id='word_1_64' title='bbox 309 1044 405 1084; x_wconf 79' lang='lat' dir='ltr'><em>paoe</em></span> <span class='ocrx_word' id='word_1_65' title='bbox 433 1045 533 1070; x_wconf 83' lang='lat' dir='ltr'><em>eum</em></span> <span class='ocrx_word' id='word_1_66' title='bbox 563 1031 695 1072; x_wconf 71' lang='lat' dir='ltr'><em>aliter</em></span> <span class='ocrx_word' id='word_1_67' title='bbox 715 1031 999 1072; x_wconf 74' lang='lat' dir='ltr'><em>sentientibus</em></span> <span class='ocrx_word' id='word_1_68' title='bbox 1016 1046 1182 1085; x_wconf 75' lang='lat' dir='ltr'><em>semper</em></span> <span class='ocrx_word' id='word_1_69' title='bbox 1204 1041 1470 1082; x_wconf 71' lang='lat' dir='ltr'><em>servaretur,</em></span> <span class='ocrx_word' id='word_1_70' title='bbox 1492 1041 1529 1071; x_wconf 83' lang='lat' dir='ltr'><em>et</em></span> <span class='ocrx_word' id='word_1_71' title='bbox 1552 1031 1633 1072; x_wconf 82' lang='lat' dir='ltr'><em>Ec-</em></span> 
     </span>
    </p>

    <p class='ocr_par' dir='ltr' id='par_1_6' title="bbox 256 1092 1534 1150">
     <span class='ocr_line' id='line_1_11' title="bbox 256 1092 1534 1150; baseline 0.002 -17"><span class='ocrx_word' id='word_1_72' title='bbox 256 1092 260 1097; x_wconf 58' lang='lat'><em>‘</em></span> <span class='ocrx_word' id='word_1_73' title='bbox 314 1094 451 1135; x_wconf 80' lang='lat' dir='ltr'><em>clesioe</em></span> <span class='ocrx_word' id='word_1_74' title='bbox 468 1095 615 1136; x_wconf 75' lang='lat' dir='ltr'><em>unicas</em></span> <span class='ocrx_word' id='word_1_75' title='bbox 636 1096 758 1137; x_wconf 83' lang='lat' dir='ltr'><em>nullo</em></span> <span class='ocrx_word' id='word_1_76' title='bbox 775 1095 1004 1137; x_wconf 74' lang='lat' dir='ltr'><em>schismate</em></span> <span class='ocrx_word' id='word_1_77' title='bbox 1029 1110 1226 1150; x_wconf 77' lang='lat' dir='ltr'><em>unquam</em></span> <span class='ocrx_word' id='word_1_78' title='bbox 1248 1105 1534 1149; x_wconf 72' lang='lat' dir='ltr'><em>rumperetur.</em></span> 
     </span>
    </p>
   </div>
   <div class='ocr_carea' id='block_1_5' title="bbox 263 1238 1658 2555">
    <p class='ocr_par' dir='ltr' id='par_1_7' title="bbox 263 1238 1658 2555">
     <span class='ocr_line' id='line_1_12' title="bbox 325 1238 1639 1303; baseline 0 -20"><span class='ocrx_word' id='word_1_79' title='bbox 325 1241 361 1284; x_wconf 90' lang='grc' dir='ltr'><em>Ι.</em></span> <span class='ocrx_word' id='word_1_80' title='bbox 389 1238 618 1295; x_wconf 74' lang='lat' dir='ltr'><strong>QUANTUM</strong></span> <span class='ocrx_word' id='word_1_81' title='bbox 635 1257 715 1303; x_wconf 86' lang='lat' dir='ltr'><em>pro</em></span> <span class='ocrx_word' id='word_1_82' title='bbox 730 1240 873 1295; x_wconf 81' lang='lat' dir='ltr'><em>nobis,</em></span> <span class='ocrx_word' id='word_1_83' title='bbox 901 1240 988 1285; x_wconf 87' lang='lat' dir='ltr'><em>hoc</em></span> <span class='ocrx_word' id='word_1_84' title='bbox 1012 1250 1091 1293; x_wconf 83' lang='lat' dir='ltr'><em>est,</em></span> <span class='ocrx_word' id='word_1_85' title='bbox 1114 1256 1196 1302; x_wconf 81' lang='lat' dir='ltr'><em>pro</em></span> <span class='ocrx_word' id='word_1_86' title='bbox 1216 1256 1324 1302; x_wconf 87' lang='lat' dir='ltr'><em>pace</em></span> <span class='ocrx_word' id='word_1_87' title='bbox 1347 1239 1562 1284; x_wconf 87' lang='lat' dir='ltr'><em>catholica</em></span> <span class='ocrx_word' id='word_1_88' title='bbox 1580 1239 1639 1283; x_wconf 83' lang='lat' dir='ltr'><em>fa-</em></span> 
     </span>
     <span class='ocr_line' id='line_1_13' title="bbox 263 1308 1638 1373; baseline 0.001 -20"><span class='ocrx_word' id='word_1_89' title='bbox 263 1308 381 1353; x_wconf 82' lang='lat' dir='ltr'><em>ciant</em></span> <span class='ocrx_word' id='word_1_90' title='bbox 403 1325 469 1364; x_wconf 86' lang='lat' dir='ltr'><em>ea,</em></span> <span class='ocrx_word' id='word_1_91' title='bbox 496 1326 597 1371; x_wconf 84' lang='lat' dir='ltr'><em>quae</em></span> <span class='ocrx_word' id='word_1_92' title='bbox 617 1320 823 1373; x_wconf 80' lang='lat' dir='ltr'><em>tanquam</em></span> <span class='ocrx_word' id='word_1_93' title='bbox 843 1327 890 1355; x_wconf 78' lang='lat' dir='ltr'><em>ex</em></span> <span class='ocrx_word' id='word_1_94' title='bbox 909 1310 1138 1355; x_wconf 77' lang='lat' dir='ltr'><em>autoritate</em></span> <span class='ocrx_word' id='word_1_95' title='bbox 1171 1310 1287 1354; x_wconf 86' lang='lat' dir='ltr'><em>beati</em></span> <span class='ocrx_word' id='word_1_96' title='bbox 1309 1309 1520 1372; x_wconf 61' lang='lat' dir='ltr'><em>Cypriani</em></span> <span class='ocrx_word' id='word_1_97' title='bbox 1556 1309 1638 1354; x_wconf 84' lang='lat' dir='ltr'><em>ad-</em></span> 
     </span>
     <span class='ocr_line' id='line_1_14' title="bbox 263 1379 1641 1442; baseline 0.001 -20"><span class='ocrx_word' id='word_1_98' title='bbox 263 1394 407 1423; x_wconf 72' lang='lat' dir='ltr'><em>versus</em></span> <span class='ocrx_word' id='word_1_99' title='bbox 430 1395 508 1423; x_wconf 89' lang='lat' dir='ltr'><em>nos</em></span> <span class='ocrx_word' id='word_1_100' title='bbox 531 1390 690 1442; x_wconf 82' lang='lat' dir='ltr'><em>aparte</em></span> <span class='ocrx_word' id='word_1_101' title='bbox 717 1381 875 1425; x_wconf 87' lang='lat' dir='ltr'><em>Donati</em></span> <span class='ocrx_word' id='word_1_102' title='bbox 911 1380 1209 1442; x_wconf 81' lang='lat' dir='ltr'><em>profel·²‚untu1</em></span> <span class='ocrx_word' id='word_1_103' title='bbox 1249 1389 1522 1442; x_wconf 84' lang='lat' dir='ltr'><em>(tquantum</em></span> <span class='ocrx_word' id='word_1_104' title='bbox 1557 1379 1641 1423; x_wconf 89' lang='lat' dir='ltr'><em>sint</em></span> 
     </span>
     <span class='ocr_line' id='line_1_15' title="bbox 267 1448 1639 1514; baseline 0 -21"><span class='ocrx_word' id='word_1_105' title='bbox 267 1448 469 1494; x_wconf 79' lang='lat' dir='ltr'><em>adversus</em></span> <span class='ocrx_word' id='word_1_106' title='bbox 487 1466 556 1494; x_wconf 84' lang='lat' dir='ltr'><em>eos</em></span> <span class='ocrx_word' id='word_1_107' title='bbox 595 1468 617 1495; x_wconf 86' lang='lat' dir='ltr'><em>a</em></span> <span class='ocrx_word' id='word_1_108' title='bbox 642 1451 802 1513; x_wconf 85' lang='lat' dir='ltr'><em>quibus</em></span> <span class='ocrx_word' id='word_1_109' title='bbox 825 1451 1133 1514; x_wconf 67' lang='lat' dir='ltr'><em>proteruntur,</em></span> <span class='ocrx_word' id='word_1_110' title='bbox 1168 1450 1401 1509; x_wconf 85' lang='lat' dir='ltr'><em>adjuvante</em></span> <span class='ocrx_word' id='word_1_111' title='bbox 1434 1450 1639 1504; x_wconf 86' lang='lat' dir='ltr'><em>Domino,</em></span> 
     </span>
     <span class='ocr_line' id='line_1_16' title="bbox 267 1518 1638 1600; baseline 0 -37"><span class='ocrx_word' id='word_1_112' title='bbox 267 1518 560 1564; x_wconf 50' lang='lat' dir='ltr'><em>demonstrwne</em></span> <span class='ocrx_word' id='word_1_113' title='bbox 593 1521 820 1600; x_wconf 83' lang='lat' dir='ltr'><em>proposui.</em></span> <span class='ocrx_word' id='word_1_114' title='bbox 869 1522 913 1566; x_wconf 75' lang='lat' dir='ltr'><em>Si</em></span> <span class='ocrx_word' id='word_1_115' title='bbox 938 1538 1023 1584; x_wconf 90' lang='lat' dir='ltr'><em>qua</em></span> <span class='ocrx_word' id='word_1_116' title='bbox 1043 1537 1141 1580; x_wconf 80' lang='lat' dir='ltr'><em>crgo</em></span> <span class='ocrx_word' id='word_1_117' title='bbox 1164 1538 1231 1565; x_wconf 86' lang='lat' dir='ltr'><em>me</em></span> <span class='ocrx_word' id='word_1_118' title='bbox 1252 1519 1541 1582; x_wconf 80' lang='lat' dir='ltr'><em>respondendi</em></span> <span class='ocrx_word' id='word_1_119' title='bbox 1565 1536 1638 1564; x_wconf 87' lang='lat' dir='ltr'><em>nc-</em></span> 
     </span>
     <span class='ocr_line' id='line_1_17' title="bbox 270 1589 1645 1653; baseline 0 -20"><span class='ocrx_word' id='word_1_120' title='bbox 270 1589 443 1634; x_wconf 80' lang='lat' dir='ltr'><em>cessitas</em></span> <span class='ocrx_word' id='word_1_121' title='bbox 470 1606 516 1634; x_wconf 83' lang='lat' dir='ltr'><em>ea</em></span> <span class='ocrx_word' id='word_1_122' title='bbox 538 1607 637 1652; x_wconf 82' lang='lat' dir='ltr'><em>quae</em></span> <span class='ocrx_word' id='word_1_123' title='bbox 656 1594 747 1650; x_wconf 86' lang='lat' dir='ltr'><em>jam</em></span> <span class='ocrx_word' id='word_1_124' title='bbox 771 1591 816 1636; x_wconf 89' lang='lat' dir='ltr'><em>in</em></span> <span class='ocrx_word' id='word_1_125' title='bbox 841 1590 934 1635; x_wconf 87' lang='lat' dir='ltr'><em>aliis</em></span> <span class='ocrx_word' id='word_1_126' title='bbox 956 1591 1080 1635; x_wconf 81' lang='lat' dir='ltr'><em>libris</em></span> <span class='ocrx_word' id='word_1_127' title='bbox 1107 1590 1258 1653; x_wconf 84' lang='lat' dir='ltr'><em>posui</em></span> <span class='ocrx_word' id='word_1_128' title='bbox 1283 1606 1429 1634; x_wconf 75' lang='lat' dir='ltr'><em>rursus</em></span> <span class='ocrx_word' id='word_1_129' title='bbox 1453 1606 1645 1634; x_wconf 87' lang='lat' dir='ltr'><em>comme-</em></span> 
     </span>
     <span class='ocr_line' id='line_1_18' title="bbox 269 1659 1647 1724; baseline 0 -21"><span class='ocrx_word' id='word_1_130' title='bbox 269 1675 439 1704; x_wconf 85' lang='lat' dir='ltr'><em>morare</em></span> <span class='ocrx_word' id='word_1_131' title='bbox 459 1661 666 1719; x_wconf 65' lang='lat' dir='ltr'><em>coegerit,</em></span> <span class='ocrx_word' id='word_1_132' title='bbox 699 1661 973 1724; x_wconf 78' lang='lat' dir='ltr'><em>(quanquam</em></span> <span class='ocrx_word' id='word_1_133' title='bbox 990 1660 1034 1705; x_wconf 80' lang='lat' dir='ltr'><em>id</em></span> <span class='ocrx_word' id='word_1_134' title='bbox 1059 1661 1228 1706; x_wconf 84' lang='lat' dir='ltr'><em>modice</em></span> <span class='ocrx_word' id='word_1_135' title='bbox 1257 1659 1460 1721; x_wconf 83' lang='lat' dir='ltr'><em>faciam),</em></span> <span class='ocrx_word' id='word_1_136' title='bbox 1482 1660 1550 1704; x_wconf 85' lang='lat' dir='ltr'><em>his</em></span> <span class='ocrx_word' id='word_1_137' title='bbox 1571 1659 1647 1722; x_wconf 89' lang='lat' dir='ltr'><em>qui</em></span> 
     </span>
     <span class='ocr_line' id='line_1_19' title="bbox 267 1729 1647 1792; baseline 0 -19"><span class='ocrx_word' id='word_1_138' title='bbox 267 1733 357 1788; x_wconf 85' lang='lat' dir='ltr'><em>jam</em></span> <span class='ocrx_word' id='word_1_139' title='bbox 375 1729 448 1774; x_wconf 83' lang='lat' dir='ltr'><em>illa</em></span> <span class='ocrx_word' id='word_1_140' title='bbox 469 1729 663 1789; x_wconf 81' lang='lat' dir='ltr'><em>legerunt</em></span> <span class='ocrx_word' id='word_1_141' title='bbox 680 1742 722 1776; x_wconf 84' lang='lat' dir='ltr'><em>et</em></span> <span class='ocrx_word' id='word_1_142' title='bbox 743 1742 903 1787; x_wconf 70' lang='lat' dir='ltr'><em>tenent,</em></span> <span class='ocrx_word' id='word_1_143' title='bbox 922 1748 1149 1776; x_wconf 87' lang='lat' dir='ltr'><em>onerosum</em></span> <span class='ocrx_word' id='word_1_144' title='bbox 1170 1748 1255 1776; x_wconf 88' lang='lat' dir='ltr'><em>esse</em></span> <span class='ocrx_word' id='word_1_145' title='bbox 1270 1747 1356 1775; x_wconf 88' lang='lat' dir='ltr'><em>non</em></span> <span class='ocrx_word' id='word_1_146' title='bbox 1371 1730 1525 1775; x_wconf 82' lang='lat' dir='ltr'><em>debet:</em></span> <span class='ocrx_word' id='word_1_147' title='bbox 1547 1730 1647 1792; x_wconf 86' lang='lat' dir='ltr'><em>quia</em></span> 
     </span>
     <span class='ocr_line' id='line_1_20' title="bbox 273 1799 1649 1863; baseline -0.001 -20"><span class='ocrx_word' id='word_1_148' title='bbox 273 1809 316 1844; x_wconf 88' lang='lat' dir='ltr'><em>et</em></span> <span class='ocrx_word' id='word_1_149' title='bbox 337 1815 384 1843; x_wconf 84' lang='lat' dir='ltr'><em>ea</em></span> <span class='ocrx_word' id='word_1_150' title='bbox 408 1815 507 1861; x_wconf 84' lang='lat' dir='ltr'><em>quae</em></span> <span class='ocrx_word' id='word_1_151' title='bbox 527 1800 803 1846; x_wconf 86' lang='lat' dir='ltr'><em>instructioni</em></span> <span class='ocrx_word' id='word_1_152' title='bbox 823 1812 923 1846; x_wconf 87' lang='lat' dir='ltr'><em>sunt</em></span> <span class='ocrx_word' id='word_1_153' title='bbox 936 1802 1187 1855; x_wconf 77' lang='lat' dir='ltr'><em>necessaria,</em></span> <span class='ocrx_word' id='word_1_154' title='bbox 1210 1801 1368 1862; x_wconf 74' lang='lat' dir='ltr'><em>saepius</em></span> <span class='ocrx_word' id='word_1_155' title='bbox 1393 1809 1566 1863; x_wconf 79' lang='lat' dir='ltr'><em>oportet</em></span> <span class='ocrx_word' id='word_1_156' title='bbox 1585 1799 1649 1843; x_wconf 90' lang='lat' dir='ltr'><em>in-</em></span> 
     </span>
     <span class='ocr_line' id='line_1_21' title="bbox 274 1867 1651 1932; baseline 0.001 -21"><span class='ocrx_word' id='word_1_157' title='bbox 274 1868 443 1912; x_wconf 85' lang='lat' dir='ltr'><em>sinuare</em></span> <span class='ocrx_word' id='word_1_158' title='bbox 466 1867 745 1925; x_wconf 83' lang='lat' dir='ltr'><em>tardioribus,</em></span> <span class='ocrx_word' id='word_1_159' title='bbox 772 1881 813 1915; x_wconf 89' lang='lat' dir='ltr'><em>et</em></span> <span class='ocrx_word' id='word_1_160' title='bbox 832 1887 933 1915; x_wconf 89' lang='lat' dir='ltr'><em>cum</em></span> <span class='ocrx_word' id='word_1_161' title='bbox 956 1870 1103 1914; x_wconf 81' lang='lat' dir='ltr'><em>eadem</em></span> <span class='ocrx_word' id='word_1_162' title='bbox 1131 1869 1433 1932; x_wconf 85' lang='lat' dir='ltr'><em>multipliciter</em></span> <span class='ocrx_word' id='word_1_163' title='bbox 1449 1869 1651 1930; x_wconf 72' lang='lat' dir='ltr'><em>varieque</em></span> 
     </span>
     <span class='ocr_line' id='line_1_22' title="bbox 277 1937 1653 2001; baseline 0.001 -20"><span class='ocrx_word' id='word_1_164' title='bbox 277 1947 504 1982; x_wconf 77' lang='lat' dir='ltr'><em>versantur</em></span> <span class='ocrx_word' id='word_1_165' title='bbox 517 1947 644 2000; x_wconf 80' lang='lat' dir='ltr'><em>atque</em></span> <span class='ocrx_word' id='word_1_166' title='bbox 666 1949 928 1993; x_wconf 76' lang='lat' dir='ltr'><em>tractantur,</em></span> <span class='ocrx_word' id='word_1_167' title='bbox 956 1939 1072 2001; x_wconf 84' lang='lat' dir='ltr'><em>ipsos</em></span> <span class='ocrx_word' id='word_1_168' title='bbox 1094 1955 1267 2000; x_wconf 84' lang='lat' dir='ltr'><em>quoque</em></span> <span class='ocrx_word' id='word_1_169' title='bbox 1285 1939 1510 2001; x_wconf 85' lang='lat' dir='ltr'><em>capaciore</em></span> <span class='ocrx_word' id='word_1_170' title='bbox 1530 1937 1653 1982; x_wconf 88' lang='lat' dir='ltr'><em>intel-</em></span> 
     </span>
     <span class='ocr_line' id='line_1_23' title="bbox 277 2006 1653 2068; baseline 0.001 -18"><span class='ocrx_word' id='word_1_171' title='bbox 277 2006 454 2065; x_wconf 86' lang='lat' dir='ltr'><em>ligentia</em></span> <span class='ocrx_word' id='word_1_172' title='bbox 477 2007 684 2068; x_wconf 83' lang='lat' dir='ltr'><em>praeditos</em></span> <span class='ocrx_word' id='word_1_173' title='bbox 715 2008 925 2068; x_wconf 78' lang='lat' dir='ltr'><em>adjuvant</em></span> <span class='ocrx_word' id='word_1_174' title='bbox 939 2019 979 2054; x_wconf 89' lang='lat' dir='ltr'><em>et</em></span> <span class='ocrx_word' id='word_1_175' title='bbox 1001 2008 1053 2053; x_wconf 82' lang='lat' dir='ltr'><em>ad</em></span> <span class='ocrx_word' id='word_1_176' title='bbox 1079 2007 1327 2053; x_wconf 78' lang='lat' dir='ltr'><em>facilitatem</em></span> <span class='ocrx_word' id='word_1_177' title='bbox 1352 2008 1514 2053; x_wconf 86' lang='lat' dir='ltr'><em>sciendi</em></span> <span class='ocrx_word' id='word_1_178' title='bbox 1538 2018 1578 2052; x_wconf 85' lang='lat' dir='ltr'><em>ct</em></span> <span class='ocrx_word' id='word_1_179' title='bbox 1598 2007 1653 2052; x_wconf 86' lang='lat' dir='ltr'><em>ad</em></span> 
     </span>
     <span class='ocr_line' id='line_1_24' title="bbox 279 2075 1651 2142; baseline 0 -21"><span class='ocrx_word' id='word_1_180' title='bbox 279 2076 453 2138; x_wconf 85' lang='lat' dir='ltr'><em>copiam</em></span> <span class='ocrx_word' id='word_1_181' title='bbox 473 2075 719 2124; x_wconf 84' lang='lat' dir='ltr'><em>disserendi.</em></span> <span class='ocrx_word' id='word_1_182' title='bbox 743 2079 853 2123; x_wconf 78' lang='lat' dir='ltr'><em>Novi</em></span> <span class='ocrx_word' id='word_1_183' title='bbox 868 2080 995 2123; x_wconf 85' lang='lat' dir='ltr'><em>etiam</em></span> <span class='ocrx_word' id='word_1_184' title='bbox 1010 2078 1380 2142; x_wconf 77' lang='lat' dir='ltr'><em>quemadmodum</em></span> <span class='ocrx_word' id='word_1_185' title='bbox 1406 2077 1536 2122; x_wconf 82' lang='lat' dir='ltr'><em>soleat</em></span> <span class='ocrx_word' id='word_1_186' title='bbox 1552 2095 1651 2122; x_wconf 89' lang='lat' dir='ltr'><em>con-</em></span> 
     </span>
     <span class='ocr_line' id='line_1_25' title="bbox 282 2145 1651 2210; baseline 0.002 -21"><span class='ocrx_word' id='word_1_187' title='bbox 282 2146 447 2190; x_wconf 82' lang='lat' dir='ltr'><em>tristare</em></span> <span class='ocrx_word' id='word_1_188' title='bbox 459 2145 683 2203; x_wconf 80' lang='lat' dir='ltr'><em>lectorem,</em></span> <span class='ocrx_word' id='word_1_189' title='bbox 709 2165 810 2193; x_wconf 91' lang='lat' dir='ltr'><em>cum</em></span> <span class='ocrx_word' id='word_1_190' title='bbox 828 2149 883 2193; x_wconf 84' lang='lat' dir='ltr'><em>ab</em></span> <span class='ocrx_word' id='word_1_191' title='bbox 907 2166 955 2193; x_wconf 89' lang='lat' dir='ltr'><em>co</em></span> <span class='ocrx_word' id='word_1_192' title='bbox 975 2148 1087 2193; x_wconf 86' lang='lat' dir='ltr'><em>libro</em></span> <span class='ocrx_word' id='word_1_193' title='bbox 1107 2165 1234 2210; x_wconf 84' lang='lat' dir='ltr'><em>quem</em></span> <span class='ocrx_word' id='word_1_194' title='bbox 1251 2149 1356 2207; x_wconf 80' lang='lat' dir='ltr'><em>gerit</em></span> <span class='ocrx_word' id='word_1_195' title='bbox 1370 2149 1414 2193; x_wconf 84' lang='lat' dir='ltr'><em>iu</em></span> <span class='ocrx_word' id='word_1_196' title='bbox 1432 2148 1651 2199; x_wconf 75' lang='lat' dir='ltr'><em>manibus,</em></span> 
     </span>
     <span class='ocr_line' id='line_1_26' title="bbox 279 2214 1654 2281; baseline 0.002 -23"><span class='ocrx_word' id='word_1_197' title='bbox 279 2214 456 2277; x_wconf 86' lang='lat' dir='ltr'><em>quando</em></span> <span class='ocrx_word' id='word_1_198' title='bbox 472 2215 515 2260; x_wconf 90' lang='lat' dir='ltr'><em>in</em></span> <span class='ocrx_word' id='word_1_199' title='bbox 541 2216 727 2280; x_wconf 83' lang='lat' dir='ltr'><em>aliquem</em></span> <span class='ocrx_word' id='word_1_200' title='bbox 745 2218 910 2263; x_wconf 81' lang='lat' dir='ltr'><em>nodum</em></span> <span class='ocrx_word' id='word_1_201' title='bbox 934 2219 1185 2281; x_wconf 56' lang='lat' dir='ltr'><em>quaestionis</em></span> <span class='ocrx_word' id='word_1_202' title='bbox 1209 2218 1427 2272; x_wconf 73' lang='lat' dir='ltr'><em>inciderit,</em></span> <span class='ocrx_word' id='word_1_203' title='bbox 1454 2218 1498 2262; x_wconf 87' lang='lat' dir='ltr'><em>in</em></span> <span class='ocrx_word' id='word_1_204' title='bbox 1523 2216 1654 2262; x_wconf 90' lang='lat' dir='ltr'><em>alium</em></span> 
     </span>
     <span class='ocr_line' id='line_1_27' title="bbox 279 2284 1656 2350; baseline 0.003 -23"><span class='ocrx_word' id='word_1_205' title='bbox 279 2284 467 2329; x_wconf 84' lang='lat' dir='ltr'><em>mittitur</em></span> <span class='ocrx_word' id='word_1_206' title='bbox 499 2286 576 2330; x_wconf 82' lang='lat' dir='ltr'><em>ubi</em></span> <span class='ocrx_word' id='word_1_207' title='bbox 613 2291 702 2345; x_wconf 85' lang='lat' dir='ltr'><em>ejus</em></span> <span class='ocrx_word' id='word_1_208' title='bbox 734 2288 991 2333; x_wconf 81' lang='lat' dir='ltr'><em>solutionem</em></span> <span class='ocrx_word' id='word_1_209' title='bbox 1021 2289 1237 2350; x_wconf 84' lang='lat' dir='ltr'><em>requirat,</em></span> <span class='ocrx_word' id='word_1_210' title='bbox 1281 2305 1409 2350; x_wconf 86' lang='lat' dir='ltr'><em>quem</em></span> <span class='ocrx_word' id='word_1_211' title='bbox 1435 2287 1542 2332; x_wconf 86' lang='lat' dir='ltr'><em>forte</em></span> <span class='ocrx_word' id='word_1_212' title='bbox 1569 2304 1656 2332; x_wconf 87' lang='lat' dir='ltr'><em>non</em></span> 
     </span>
     <span class='ocr_line' id='line_1_28' title="bbox 280 2353 1658 2421; baseline 0.002 -23"><span class='ocrx_word' id='word_1_213' title='bbox 280 2353 426 2399; x_wconf 84' lang='lat' dir='ltr'><em>habet.</em></span> <span class='ocrx_word' id='word_1_214' title='bbox 460 2354 743 2419; x_wconf 81' lang='lat' dir='ltr'><em>Quapropter</em></span> <span class='ocrx_word' id='word_1_215' title='bbox 771 2375 1060 2421; x_wconf 70' lang='lat' dir='ltr'><em>quaecumque</em></span> <span class='ocrx_word' id='word_1_216' title='bbox 1088 2359 1133 2403; x_wconf 90' lang='lat' dir='ltr'><em>in</em></span> <span class='ocrx_word' id='word_1_217' title='bbox 1168 2358 1258 2402; x_wconf 84' lang='lat' dir='ltr'><em>aliis</em></span> <span class='ocrx_word' id='word_1_218' title='bbox 1286 2358 1409 2402; x_wconf 84' lang='lat' dir='ltr'><em>libris</em></span> <span class='ocrx_word' id='word_1_219' title='bbox 1429 2361 1519 2416; x_wconf 85' lang='lat' dir='ltr'><em>jam</em></span> <span class='ocrx_word' id='word_1_220' title='bbox 1545 2357 1658 2401; x_wconf 77' lang='lat' dir='ltr'><em>dixi-</em></span> 
     </span>
     <span class='ocr_line' id='line_1_29' title="bbox 281 2423 1657 2490; baseline 0.003 -24"><span class='ocrx_word' id='word_1_221' title='bbox 281 2439 394 2478; x_wconf 78' lang='lat' dir='ltr'><em>mus,</em></span> <span class='ocrx_word' id='word_1_222' title='bbox 422 2423 455 2467; x_wconf 89' lang='lat' dir='ltr'><em>si</em></span> <span class='ocrx_word' id='word_1_223' title='bbox 476 2426 698 2471; x_wconf 87' lang='lat' dir='ltr'><em>necessitas</em></span> <span class='ocrx_word' id='word_1_224' title='bbox 728 2429 1008 2490; x_wconf 62' lang='lat' dir='ltr'><em>praesentium</em></span> <span class='ocrx_word' id='word_1_225' title='bbox 1049 2428 1337 2490; x_wconf 67' lang='lat' dir='ltr'><em>quzestionum</em></span> <span class='ocrx_word' id='word_1_226' title='bbox 1363 2427 1550 2471; x_wconf 69' lang='lat' dir='ltr'><em>breviter</em></span> <span class='ocrx_word' id='word_1_227' title='bbox 1573 2427 1657 2470; x_wconf 88' lang='lat' dir='ltr'><em>ite-</em></span> 
     </span>
     <span class='ocr_line' id='line_1_30' title="bbox 281 2494 1657 2555; baseline 0.002 -19"><span class='ocrx_word' id='word_1_228' title='bbox 281 2510 375 2537; x_wconf 80' lang='lat' dir='ltr'><em>rare</em></span> <span class='ocrx_word' id='word_1_229' title='bbox 394 2494 670 2555; x_wconf 85' lang='lat' dir='ltr'><em>compulerit.</em></span> <span class='ocrx_word' id='word_1_230' title='bbox 697 2497 919 2555; x_wconf 78' lang='lat' dir='ltr'><em>ignoscant</em></span> <span class='ocrx_word' id='word_1_231' title='bbox 947 2499 1143 2553; x_wconf 64' lang='lat' dir='ltr'><em>scientes,</em></span> <span class='ocrx_word' id='word_1_232' title='bbox 1172 2516 1224 2543; x_wconf 88' lang='lat' dir='ltr'><em>ne</em></span> <span class='ocrx_word' id='word_1_233' title='bbox 1252 2496 1525 2542; x_wconf 80' lang='lat' dir='ltr'><em>offendantur</em></span> <span class='ocrx_word' id='word_1_234' title='bbox 1556 2512 1657 2541; x_wconf 86' lang='lat' dir='ltr'><em>nes-</em></span> 
     </span>
    </p>
   </div>
  </div>
 </body>
</html>
