1894 3154
362 246 446 301 1246
757 261 790 289 S.
835 259 1076 289 AUGUs'rINi
1111 259 1313 289 Eriseori

354 349 375 369 ))
400 338 492 372 tuin
515 326 721 385 injustum
743 362 752 378 ‚
785 324 994 383 injustum
1029 341 1129 369 vero
1161 327 1327 382 justum
1347 360 1357 378 ,
1388 322 1636 368 execrabilis
1668 331 1729 367 est

357 419 377 438 >³
404 396 521 459 apud
554 398 689 440 Deum
712 394 725 422 ⁴
752 412 762 438 :
795 416 814 434 >³
838 395 929 439 Cur
948 411 1034 439 non
1061 395 1139 438 ista
1160 393 1369 438 execratio
1392 393 1539 455 potius
1575 393 1618 437 in
1635 392 1729 437 illos

352 466 487 521 cadit,
504 466 579 529 qui
603 465 847 509 universum
865 464 1013 507 orbem
1041 474 1249 507 terrarum
1272 464 1569 508 Christianum
1601 462 1730 506 dam-

354 554 458 582 nare
477 536 565 581 ausi
595 545 692 579 sunt
720 533 982 586 inauditum,
1007 533 1051 576 in
1080 549 1167 594 quo
1201 543 1285 577 tam
1312 533 1474 591 ingenti
1499 531 1730 576 hominum

351 622 530 651 numero
550 605 639 649 sine
655 603 739 648 ulla
755 602 908 647 dubita
918 603 1028 646 tione
1039 601 1214 646 fuerunt
1227 613 1265 646 et
1287 613 1387 647 sunt
1406 602 1460 646 ab
1479 618 1626 646 eorum
1640 600 1730 645 cri-

352 676 544 721 minibus
575 675 856 719 innocentes‘>
895 673 990 717 Hoc
1023 690 1122 732 ergo
1156 672 1284 717 niodo
1325 672 1441 734 quod
1473 676 1638 731 jilstum
1671 681 1732 716 est

351 746 558 805 injustum
578 744 852 804 judicarunt„
877 760 976 787 cum
1006 744 1220 805 Optatum
1240 742 1254 770 ¹
1281 743 1592 787 Gildonianum
1611 778 1621 795 ,
1652 741 1732 786 de-

353 815 573 860 cennalem
601 814 732 858 totius
771 813 926 857 Afric-ae
950 814 1176 871 gemitum„
1221 824 1428 875 'tanquam
1464 811 1731 856 sacerdotem

352 896 481 947 atque
514 883 719 943 collegam
760 883 1024 927 honorantes
1063 883 1105 927 in
1139 882 1447 928 communione
1482 892 1726 927 tenuerunt.

353 955 485 1001 Autsi
505 971 603 999 eum
630 952 759 998 corde
779 953 1110 1014 improbabant.
1133 952 1206 997 sed
1227 970 1308 1015 pro
1332 969 1438 1015 pace
1462 951 1732 1004 tolerabant3

352 1025 521 1070 discant
540 1024 700 1069 nullius
726 1023 903 1085 pacifici
935 1023 1191 1086 patientiam
1219 1023 1332 1067 malo
1352 1039 1439 1067 non
1459 1021 1734 1067 consentien-

356 1105 459 1151 tem,
483 1095 538 1139 ab
566 1094 661 1139 ullis
688 1092 809 1137 malis
835 1110 954 1155 posse
972 1092 1210 1145 maculari3
1237 1103 1364 1155 atque
1389 1092 1449 1137 ita
1482 1092 1668 1137 sentiant
1690 1092 1735 1136 in

357 1182 443 1228 qua
473 1164 715 1227 perditione
736 1167 931 1221 jaceant,
972 1163 1047 1225 qui
1068 1173 1249 1225 propter
1267 1161 1371 1206 falsa
1395 1163 1482 1207 sive
1505 1179 1603 1207 Vera
1624 1162 1736 1222 (non

358 1237 472 1281 enim
502 1236 588 1280 hoc
621 1234 833 1297 quaeritur
861 1235 1005 1295 nunc)
1049 1234 1229 1278 crimina
1266 1232 1469 1278 Afrorum
1489 1270 1500 1289 ‚
1529 1233 1735 1277 unitatem

358 1306 536 1369 spiritus
558 1305 603 1350 in
625 1304 801 1349 vinculo
822 1304 943 1366 pacis
965 1321 1050 1348 non
1066 1314 1235 1349 servant
1251 1320 1350 1348 cum
1377 1303 1482 1348 orbe
1506 1314 1730 1348 terrarum.

361 1377 450 1432 Qui
474 1375 507 1420 si
528 1375 721 1420 dicerent
740 1392 749 1418 :
768 1374 992 1418 Nescimus
1013 1392 1066 1418 an
1083 1374 1167 1418 sint
1183 1391 1259 1437 per
1277 1383 1339 1418 tot
1360 1384 1503 1432 gentes
1525 1383 1738 1418 terrarum

360 1446 748 1491 transmarinarum
773 1444 878 1488 boni
908 1443 1173 1496 Christiani3
1209 1443 1582 1506 impudentissime
1617 1443 1739 1488 dice-

360 1527 457 1563 rent
481 1534 491 1561 ε
521 1518 636 1561 Deus
667 1515 778 1560 enim
801 1515 1006 1578 perhibet
1033 1515 1321 1559 testimonium
1362 1514 1589 1559 frumentis
1633 1514 1737 1570 suis,

362 1604 462 1651 quae
485 1604 562 1650 per
586 1596 725 1630 totum
746 1602 895 1644 agrum
920 1585 1143 1638 seminata,
1171 1585 1368 1648 quamvis
1389 1602 1489 1630 cum
1509 1584 1680 1629 zizaniis
1718 1602 1741 1629 a

364 1659 543 1704 diabolo
574 1656 936 1720 superseminatis,
967 1667 1110 1702 tamen
1134 1674 1269 1719 usque
1294 1655 1346 1700 ad
1365 1673 1541 1701 messem
1554 1672 1741 1700 crescere

364 1728 693 1793 praenuntiavit.
723 1726 846 1771 Unde
867 1737 907 1770 et
932 1727 966 1771 si
990 1726 1186 1771 homines
1223 1728 1338 1789 ipsos
1361 1726 1504 1771 minus
1522 1726 1738 1781 novimus,

369 1816 454 1845 esse
472 1809 615 1843 tamen
629 1815 699 1842 eos
728 1797 824 1842 ideo
848 1797 1065 1852 novimus,
1089 1797 1189 1859 quia
1216 1796 1387 1841 mentiri
1408 1798 1547 1863 Deum
1564 1813 1653 1841 nou
1666 1812 1744 1858 po-

369 1869 515 1923 tuisse,
545 1867 629 1911 fide
654 1867 888 1912 certissima
904 1866 1149 1911 retinemus.
1177 1867 1288 1911 Cum
1311 1883 1409 1926 ergo
1429 1865 1631 1925 sacrilega
1655 1865 1744 1910 im-

370 1937 582 2003 pudentia
606 1937 826 1982 dicerent:
855 1936 1078 1981 Nescimus
1099 1947 1243 1980 utrum
1279 1936 1362 1981 sint
1383 1937 1427 1980 in
1463 1946 1619 1981 caetero
1640 1935 1746 1980 orbe

372 2022 581 2055 terrarum
604 2007 710 2051 boni
730 2007 969 2051 Christiani
993 2024 1002 2050 z
1021 2006 1196 2051 videant
1216 2023 1301 2069 qua
1319 2007 1482 2051 insania
1502 2005 1644 2050 dicere
1664 2022 1746 2050 au·-

373 2080 504 2125 deant
521 2116 530 2134 ‚
552 2077 772 2141 (quotidie
792 2078 904 2122 enim
923 2094 1012 2121 non
1031 2076 1238 2121 dubitant
1258 2076 1446 2138 dicere),
1473 2075 1644 2120 Scimus
1659 2092 1746 2120 non

371 2150 435 2196 ibi
454 2166 540 2194 esse
559 2148 842 2194 Christianos,
891 2146 1022 2192 Aliud
1046 2157 1107 2190 est
1128 2147 1293 2209 utique,
1318 2146 1541 2191 Nescimus
1559 2163 1613 2190 an
1637 2145 1744 2198 sint3

373 2219 509 2275 aliud,
532 2219 703 2263 Scimus
720 2218 838 2281 quod
858 2235 946 2262 non
964 2218 1049 2262 sint
1076 2235 1085 2261 ε
1109 2228 1342 2279 utrumque
1359 2227 1400 2262 et
1418 2215 1591 2262 infidele
1609 2226 1650 2261 et
1669 2216 1748 2260 im-

373 2291 495 2354 pium
518 2300 591 2335 est.
622 2289 707 2334 Sed
720 2290 752 2333 si
773 2288 1051 2334 detestandus
1067 2298 1129 2332 est
1143 2289 1219 2351 qui
1244 2287 1370 2343 dicit,
1404 2287 1558 2332 Nescio
1576 2303 1631 2331 an
1649 2303 1748 2332 vera

421 2404 431 2423 ¹
452 2402 542 2433 ἴτον.
564 2413 645 2437 xvii,
677 2402 729 2430 15.
756 2419 798 2423 -—
826 2398 840 2420 2
865 2402 1000 2442 Optatus
1019 2398 1290 2439 Thamugadensis
1305 2399 1335 2429 iu
1354 2395 1595 2439 Carthaginensi
1616 2395 1748 2437 provin-

368 2456 415 2487 cia
445 2455 681 2485 Donatistarum
701 2464 893 2496 episcopiis,
924 2453 1025 2483 dietus
1049 2459 1096 2483 est
1121 2452 1409 2488 Gildonianns‚'et
1437 2450 1584 2481 Gildonis
1608 2449 1745 2484 san-lies,

371 2508 456 2551 quod
476 2507 605 2538 Gzldoni
624 2507 798 2537 adhaereret
813 2505 928 2537 Africae
942 2506 1073 2545 Comini,
1090 2505 1144 2546 qni
1163 2512 1286 2535 mortuo
1304 2503 1485 2536 Theodosio
1503 2502 1627 2533 seniore
1643 2500 1743 2543 impe·

372 2562 456 2595 rium
470 2562 534 2592 illic
550 2571 607 2603 per
624 2559 822 2602 tyrannidem
841 2569 1008 2601 occupans,
1028 2559 1136 2589 multis
1155 2558 1245 2589 anuis
1260 2557 1399 2589 Africani
1418 2555 1558 2587 vexavit.
