1894 3154
618 293 673 322 DE
710 291 966 330 TRINITATE,
1006 289 1094 322 LIB.
1133 290 1206 319 xv.
1538 274 1597 336 57

231 383 250 403 »
274 360 410 406 sobrii
428 356 598 404 simus1.
616 378 636 398 >2
659 356 743 402 Sed
760 356 858 402 haec
871 355 1073 415 allegoria
1092 371 1180 400 non
1194 364 1255 400 est
1265 354 1462 414 aenigma.
1488 354 1600 400 Nam

229 431 310 477 nisi
331 430 517 475 multum
541 426 674 473 tardis
706 427 782 472 iste
805 443 950 472 sensus
978 426 1024 471 in
1052 435 1265 488 promptu
1305 434 1380 470 est.
1406 424 1601 483 AEnigma

229 510 291 545 est
312 509 472 555 autem,
493 508 542 543 ut
559 496 747 543 breviter
764 496 991 559 explicem,
1020 495 1205 540 obscura
1233 493 1450 553 allegoria,
1470 493 1601 538 sicuti

229 579 290 613 est
312 585 323 613 z
340 567 647 627 «Sanguisugae
666 576 787 611 erant
805 576 888 610 tres
906 565 1056 610 filiae2:
1085 586 1105 606 ›>
1119 574 1160 609 et
1177 579 1470 626 quaecumque
1490 561 1604 607 simi-

229 638 301 684 lia.
322 638 405 683 Sed
427 636 762 696 ubiallegoriam
775 635 1016 681 nominavit
1034 634 1281 697 Apostolus,
1304 634 1450 678 nonin
1460 631 1604 678 verbis

229 724 323 752 eam
348 708 523 770 reperit,
554 706 626 752 sed
647 706 692 751 in
714 704 849 759 facio,
878 722 980 751 cum
1013 723 1035 751 e
1070 705 1243 750 duobus
1267 703 1365 749 filiis
1389 702 1600 757 Abrahae,

231 794 316 822 uno
333 777 386 822 de
411 776 583 823 ancilla.
609 775 743 821 altero
767 775 820 820 de
835 775 971 820 libera
990 775 1025 831 3,
1057 773 1178 838 quod
1201 791 1290 819 non
1315 773 1483 818 dictum
1499 808 1510 827 ‚
1533 771 1606 816 sed

230 847 358 892 etiam
382 846 546 892 factum
569 846 668 901 fuit,
693 846 778 890 dua
798 847 1070 890 Testamenta
1088 842 1369 903 intelligenda
1388 851 1607 887 monstra-

231 916 316 968 xit3
335 916 456 979 quod
480 926 710 977 antequam
730 925 976 976 exponeret,
1016 914 1252 959 obscurum
1274 911 1392 956 fuit:
1423 909 1609 972 proinde

232 984 433 1043 alleooria
455 984 569 1038 talis,
596 983 717 1046 quod
737 994 799 1028 est
814 982 1009 1042 generale
1025 1000 1202 1037 nomen,
1228 991 1371 1044 posset
1406 978 1610 1043 speciali-

231 1063 294 1097 ter
311 1054 495 1113 aenigma
518 1053 747 1099 nominari.

296 1123 414 1169 XVI.
446 1122 530 1168 Sed
558 1122 661 1185 quia
687 1140 775 1168 non
806 1122 884 1168 soli
909 1122 986 1186 qui
1007 1139 1075 1168 eas
1098 1121 1260 1168 litteras
1283 1119 1483 1166 nesciunt
1505 1117 1609 1182 qui-

232 1193 316 1237 bus
348 1193 576 1238 discuntur
610 1193 751 1255 tropi,
789 1204 995 1255 quaerunt
1027 1192 1135 1256 quid
1170 1192 1323 1238 dixerit
1347 1189 1605 1253 Apostolus,

234 1279 350 1307 nunc
378 1263 424 1307 111
447 1263 678 1322 aenigmate
709 1280 788 1308 nos
808 1263 977 1318 videre,
1001 1279 1152 1308 verum
1185 1262 1315 1307 etiam
1345 1260 1423 1323 qui
1446 1259 1606 1313 sciunt,

236 1342 375 1376 tamen
401 1332 521 1394 quod
550 1332 604 1376 sit
637 1331 746 1377 illud
774 1333 956 1392 aenigma
984 1332 1059 1377 ubi
1097 1349 1216 1377 nunc
1239 1330 1457 1385 videmus,
1489 1343 1612 1374 nosse

234 1400 505 1454 desiderant3
542 1418 589 1446 ex
614 1411 800 1464 utroque
822 1401 1079 1448 invenienda
1115 1419 1201 1446 una
1225 1411 1286 1446 est
1308 1398 1540 1453 sententia,
1571 1406 1613 1442 et

234 1489 282 1516 ex
298 1469 373 1516 illo
396 1471 578 1526 scilicet,
599 1471 719 1534 quod
737 1472 812 1528 ait,
835 1493 855 1513 «
872 1471 1077 1517 Videmus
1090 1489 1208 1517 nunc
1227 1488 1306 1534 per
1323 1468 1548 1533 speculum
1564 1487 1575 1521 ;
1592 1489 1612 1508 »

235 1552 276 1586 et
298 1558 346 1586 ex
362 1542 441 1586 isto
465 1541 583 1604 quod
603 1541 751 1597 addit,
778 1542 824 1587 in
849 1542 1076 1601 aenigmate
1091 1541 1124 1588 4.
1155 1543 1251 1586 Una
1273 1551 1334 1586 est
1363 1540 1478 1585 enim
1511 1553 1614 1583 cum

236 1621 325 1655 tota
349 1611 409 1656 sic
431 1611 622 1656 dicitur:
642 1611 883 1656 «Videmus
912 1628 1030 1657 nunc
1054 1629 1134 1674 per
1156 1611 1382 1674 speculum
1406 1609 1451 1653 in
1477 1606 1615 1666 aenig—

238 1702 258 1721 »
274 1691 403 1726 mate.
425 1701 445 1721 n
468 1680 659 1725 Proinde
675 1717 684 1734 ‚
706 1691 919 1743 quantum
943 1681 1056 1726 mihi
1073 1680 1266 1735 videtur,
1295 1679 1407 1724 sieut
1439 1676 1614 1722 nomine

237 1750 403 1813 speculi
424 1750 653 1809 imaginem
682 1750 822 1795 voluit
851 1750 1057 1810 iutelligi3
1091 1751 1152 1796 ita
1177 1751 1352 1795 nomine
1374 1745 1615 1806 aenigmatis

238 1820 436 1883 quamvis
457 1819 787 1865 similitudinem
802 1858 813 1877 ,
842 1831 985 1866 tamen
1015 1821 1245 1866 obscuram
1260 1856 1272 1875 ,
1301 1829 1344 1864 et
1366 1817 1421 1863 ad
1445 1814 1619 1879 perspi-

238 1889 442 1935 ciendum
463 1889 696 1936 difficilem.
730 1890 842 1935 Cum
865 1890 998 1950 igitur
1021 1889 1187 1953 speculi
1212 1899 1255 1934 et
1276 1885 1516 1947 aenigmatis
1537 1901 1620 1929 no-

239 1959 355 2004 mine
377 1975 668 2022 quaecumque
704 1959 1006 2005 similitudines
1036 1960 1091 2005 ab
1126 1957 1334 2022 Apostolo
1365 1955 1620 2016 significatae

238 2028 421 2088 intelligi
433 2029 600 2091 possint
617 2045 718 2092 quae
729 2029 1072 2075 accommodatae·
1095 2039 1194 2074 sunt
1213 2028 1268 2073 ad
1288 2024 1619 2085 intelligendum

241 2100 379 2143 Deum
397 2136 408 2155 ,
434 2116 483 2144 eo
509 2099 639 2144 modo
669 2116 756 2162 quo
782 2111 947 2162 potest3
984 2099 1097 2144 nihil
1118 2109 1261 2144 tamen
1286 2107 1348 2141 est
1370 2109 1622 2141 accommo-

241 2168 382 2213 datius
417 2185 550 2231 quam
581 2168 626 2214 id
667 2169 786 2231 quod
823 2169 967 2228 imago
998 2173 1089 2228 ejus
1121 2185 1212 2213 non
1251 2166 1407 2211 frustra
1439 2163 1614 2209 dicitur.

242 2241 379 2284 Nemo
416 2240 564 2302 itaque
598 2239 780 2284 miretur
810 2240 940 2285 etiam
978 2240 1024 2285 111
1058 2241 1137 2284 isto
1173 2237 1307 2282 modo
1337 2233 1515 2280 videndi
1545 2232 1623 2296 qui

241 2313 550 2353 concessus'est
572 2308 678 2353 huic
702 2309 806 2354 vitae
822 2346 833 2365 ,
860 2326 938 2371 per
975 2307 1201 2371 speculum
1225 2305 1388 2351 scilicet
1412 2304 1459 2350 in
1483 2303 1623 2362 aenig-

242 2389 380 2433 mate,
410 2377 610 2423 laborare
636 2394 714 2423 nos
747 2389 795 2423 ut
826 2377 1240 2454 quomodocumque
1262 2375 1496 2420 videamus.
1528 2373 1624 2418 No-

244 2464 341 2492 men
363 2448 529 2510 quippe
553 2447 629 2493 hic
655 2464 743 2493 non
767 2457 937 2492 sonaret
961 2446 1225 2505 aenigmatis,
1253 2444 1286 2489 si
1309 2453 1412 2489 esset
1440 2441 1626 2487 facilitas

244 2517 431 2563 visionis.
472 2519 527 2562 Et
550 2518 637 2563 hoc
661 2528 724 2562 est
747 2516 951 2576 grandius
979 2516 1182 2576 aenigma,
1211 2524 1260 2560 ut
1284 2531 1373 2559 non
1402 2511 1627 2558 videamus

294 2602 304 2621 ¹
325 2598 638 2639 1Τ11(355,1’,6.---2
657 2602 750 2634 Pron
774 2610 850 2638 xxx,
870 2596 1123 2631 15U—3Galat
1141 2608 1185 2641 iv,
1202 2594 1333 2635 ²4-···⁴
1355 2607 1367 2627 1
1386 2597 1461 2629 Cor.
1483 2604 1554 2629 11111.
1574 2603 1627 2625 12.
