1894 3154
345 309 401 340 DE
437 308 656 339 BAPTISMO
693 305 868 338 CONTRA
908 304 1203 349 DONATtsTAs‚
1243 307 1330 339 LlB.
1372 308 1452 339 vn.
1525 293 1616 353 429

247 374 487 438 pertineat3
510 374 543 418 si
567 384 710 418 autem
733 371 960 417 traditores
982 370 1183 426 fuerunt,
1206 371 1318 417 sicut
1335 371 1416 434 ipsi
1434 371 1611 427 dicunt,

246 444 307 489 sic
325 444 379 489 ad
401 461 475 489 nos
498 461 584 488 non
605 443 812 506 pertinet,
837 441 1205 504 quemadmodum
1231 458 1310 486 nec
1343 441 1398 485 ad
1431 458 1507 486 nos
1538 458 1616 486 nec

249 513 301 558 ad
322 514 436 576 ipsos
455 513 518 558 illi
538 513 905 576 praevaricatores.
934 513 995 556 Ac
1017 529 1094 574 per
1112 512 1198 556 hoc
1218 511 1427 573 quoniam
1457 528 1504 555 ex
1530 529 1618 555 ma-

242 587 390 643 jorum
407 594 652 628 nostrorum
671 582 900 646 iniquitate
926 581 1097 627 nullum
1123 592 1184 626 est
1207 581 1372 626 crimen
1396 590 1590 625 nostrum
1606 616 1616 635 ,

249 671 295 698 ex
318 654 498 717 proprio
517 654 747 698 schismate
767 663 931 698 certum
950 662 1011 697 est
1028 652 1190 697 crimen
1205 650 1392 697 illorum.

314 724 388 770 lV.
422 724 565 769 Satius
586 742 607 768 a
626 723 839 768 Sicilibba
855 722 959 768 dixit
982 741 992 767 :
1013 744 1031 763 a
1054 722 1099 767 Si
1114 721 1329 767 haereticis
1346 721 1390 765 in
1403 720 1621 782 baptismo

250 810 326 839 suo
343 804 522 857 peccata
541 793 761 838 donantur
779 831 789 845 ,
816 794 905 838 sine
926 810 1054 839 causa
1074 792 1128 837 ad
1162 791 1398 837 Ecclesiam
1422 791 1614 836 veniunt.

251 864 362 908 Nam
382 881 480 909 cum
502 864 544 909 in
559 863 794 923 diejudicii
812 874 991 926 peccata
1010 863 1095 908 sint
1112 879 1210 925 quae
1230 861 1491 924 puniuntur,
1511 858 1624 904 nihil

250 944 311 979 est
335 933 455 996 quod
489 934 637 979 timere
664 933 831 996 possint
854 932 1052 978 haeretici
1079 931 1132 977 de
1156 931 1327 991 judicio
1364 929 1556 983 Christi,
1592 929 1626 973 si

252 1014 351 1048 sunt
370 1014 651 1066 pcccatorum
672 1003 961 1048 remissionem
981 1002 1215 1048 consecuti.
1242 1023 1262 1042 »

318 1074 368 1120 V.
404 1075 460 1118 Et
484 1074 581 1119 haec
606 1084 778 1136 poterat
802 1074 931 1119 etiam
965 1083 1110 1118 nostra
1133 1089 1219 1117 esse
1242 1070 1450 1117 sententia
1474 1086 1485 1114 ε
1508 1067 1624 1114 vide-

251 1144 308 1189 rit
338 1154 478 1189 autem
499 1155 649 1189 auctor
667 1147 756 1203 ejus
786 1161 874 1207 quo
903 1143 1045 1188 animo
1064 1143 1181 1188 dicta
1206 1141 1272 1188 sit.
1304 1140 1455 1185 Verbis
1483 1150 1626 1183 tamen

251 1213 312 1258 ita
332 1212 581 1258 modificata
598 1224 686 1269 est,
708 1224 756 1258 ut
777 1230 865 1258 non
896 1230 963 1258 me
981 1214 1126 1276 pigeat
1146 1229 1195 1257 eo
1224 1211 1367 1256 animo
1389 1209 1628 1255 consentire

254 1294 383 1346 atque
401 1284 672 1329 subscribere
689 1321 698 1339 ‚
731 1301 818 1346 quo
837 1294 879 1328 et
902 1301 978 1342 ego
998 1283 1135 1328 sentio
1155 1282 1425 1344 baptismum
1452 1278 1626 1342 quidem

256 1352 421 1398 Christi
442 1353 670 1398 haereticos
690 1370 811 1416 posse
838 1353 1002 1397 habere
1020 1390 1030 1409 ‚
1067 1352 1138 1397 sed
1160 1351 1449 1397 remissionem
1480 1365 1629 1411 pecca-

255 1435 399 1469 torum
415 1441 503 1468 non
524 1424 703 1470 habere.
730 1424 829 1468 Non
851 1434 991 1468 autem
1015 1424 1075 1468 ait
1096 1441 1106 1467 :
1129 1423 1172 1468 Si
1189 1420 1386 1467 haeretici
1405 1419 1629 1481 baptizant

258 1504 332 1540 aut
354 1493 637 1555 baptizantur
659 1512 669 1538 :
694 1494 785 1550 sed,
808 1493 889 1538 «Si
909 1493 1144 1548 haereticis,
1167 1492 1327 1554 inquit,
1349 1490 1393 1534 in
1413 1489 1630 1551 baptismo

260 1580 335 1608 suo
352 1573 534 1625 peccata
555 1564 796 1616 donantur,
819 1563 907 1607 sine
921 1579 1047 1607 causa
1068 1562 1122 1607 ad
1141 1560 1374 1606 Ecclesiam
1396 1559 1587 1603 veniunt.
1611 1577 1630 1597 »

258 1634 371 1679 Nam
394 1633 425 1677 si
450 1650 532 1695 pro
552 1633 770 1678 haereticis
787 1650 1001 1696 ponamus
1020 1633 1114 1678 illos
1147 1648 1257 1694 quos
1280 1630 1325 1675 in
1350 1627 1541 1674 Ecclesia
1559 1644 1633 1672 no-

256 1713 378 1748 verat
411 1703 659 1765 Cyprianus
679 1740 689 1757 ‚
729 1702 889 1748 saeculo
918 1703 1061 1748 verbis
1085 1701 1182 1747 solis
1199 1738 1209 1757 ,
1237 1711 1278 1745 et
1301 1716 1389 1744 non
1419 1697 1544 1742 factis
1569 1714 1633 1741 re-

257 1773 539 1826 nuntiantes;
583 1773 762 1818 totidem
799 1773 942 1818 verbis
979 1788 1210 1835 possumus
1241 1771 1357 1816 hanc
1381 1768 1631 1813 sententiam

258 1844 389 1888 etiam
409 1860 487 1888 nos
506 1844 722 1889 verissime
743 1843 885 1889 dicere
907 1861 918 1888 :
944 1844 990 1888 Si
1005 1842 1217 1888 fallaciter
1235 1839 1448 1887 conversis
1465 1839 1509 1883 in
1523 1839 1634 1900 bap·

259 1914 388 1959 tismo
410 1930 486 1958 suo
505 1925 685 1976 peccata
705 1913 942 1968 donantur,
964 1914 1053 1959 sine
1073 1930 1201 1958 causa
1222 1911 1276 1956 ad
1298 1927 1439 1956 veram
1461 1925 1635 1954 conver-

260 1985 422 2030 sionem
459 1995 609 2046 postea
644 1984 964 2060 perducuntur.
1012 1984 1124 2028 Nam
1162 1999 1262 2028 cum
1296 1981 1341 2025 in
1380 1979 1449 2024 die
1478 1977 1636 2038 judicii

259 2064 441 2119 peccata
463 2055 548 2099 sint
570 2071 669 2117 quae
698 2053 971 2117 puniuntur,
994 2051 1107 2098 nihil
1130 2062 1191 2097 est
1215 2049 1335 2114 quod
1369 2049 1513 2093 timere
1537 2064 1636 2109 pos-

261 2126 370 2180 sint,
395 2123 472 2186 qui
501 2123 661 2169 saeculo
680 2123 823 2169 verbis
847 2123 945 2167 solis
969 2133 1010 2167 et
1042 2139 1129 2166 non
1152 2120 1279 2165 factis
1303 2118 1632 2172 renuntiarunt,

263 2195 316 2240 de
331 2162 501 2254 jiidicio
519 2194 712 2250 Christi,
740 2193 773 2238 si
793 2204 894 2239 sunt
914 2192 1207 2237 1emissi0nem
1238 2199 1516 2253 peccatorum
1537 2204 1637 2232 con-

263 2264 412 2311 secuti.
450 2263 534 2308 Sed
555 2264 634 2310 ista
657 2263 931 2309 ratiocinatio
951 2262 1023 2307 tali
1042 2261 1304 2307 connexione
1321 2259 1565 2323 perficitur,
1589 2268 1637 2303 ut

265 2335 551 2396 adjungamus
571 2333 761 2379 dicentes
784 2352 794 2379 :
828 2334 1002 2379 Debent
1029 2343 1173 2377 autem
1202 2332 1352 2376 timere
1385 2329 1547 2375 Christi
1568 2332 1637 2388 ju-

265 2405 460 2458 dicium
488 2414 530 2448 et
559 2405 702 2449 veraci
723 2403 853 2449 corde
880 2402 1114 2467 aliquando
1139 2400 1367 2447 converti.
1395 2399 1515 2463 quod
1538 2416 1639 2444 cum

264 2475 468 2530 fecerint,
491 2492 578 2519 non
597 2492 666 2520 eos
685 2475 835 2538 utique
856 2491 1023 2519 necesse
1043 2483 1105 2518 est
1124 2473 1281 2518 iterum
1300 2471 1531 2534 baptizari.
1555 2471 1641 2514 Po·

265 2554 445 2592 tuerunt
468 2544 601 2605 igitur
627 2545 823 2608 accipere
840 2544 1140 2609 baptismum,
1174 2552 1216 2589 et
1237 2540 1530 2589 remissionem
1552 2556 1640 2586 non
