1894 3154
560 305 613 334 DE
647 303 903 345 TRINITATE,
943 305 1030 336 ΠΒ.
1072 305 1162 336 XIV.
1514 308 1559 338 ll

195 367 334 413 denda
356 378 419 413 est
435 405 445 422 ,
467 368 538 413 sed
555 368 718 413 intenta
736 369 862 413 nimis
882 369 924 414 in
954 386 1022 414 eas
1041 386 1105 415 res
1123 407 1134 426 ,
1158 377 1264 433 quas
1280 388 1359 433 per
1377 372 1569 434 corporis

194 454 336 483 sensus
361 448 482 483 tanto
508 441 669 498 majore
689 476 699 494 ,
728 450 894 502 quanto
918 441 1092 485 noviore
1117 441 1255 503 coepit
1283 440 1568 487 delectatione

194 508 347 553 sentire
366 545 377 565 ,
407 525 494 554 11011
516 510 713 568 ignorare
736 526 776 554 se
805 520 970 572 potest,
1000 510 1072 555 sed
1097 511 1289 570 cogitare
1309 528 1351 555 se
1374 528 1461 556 non
1484 527 1571 574 po-

196 581 301 623 test‘?
327 579 501 634 Quanta
521 596 652 641 porro
676 579 915 625 intentione
932 581 977 626 in
1004 581 1084 625 ista
1105 597 1204 644 quae
1225 580 1328 626 foris
1346 591 1447 626 sunt
1469 598 1568 626 sen-

193 648 334 693 sibilia
354 647 542 704 feratur,
563 648 629 694 vel
650 649 757 694 hinc
781 649 919 695 solum
945 651 1102 709 conjici
1122 661 1290 713 potest,
1323 650 1444 713 quod
1462 651 1570 696 lucis

192 717 325 777 hujus
349 718 604 764 hauriendae
633 720 692 764 sic
723 719 849 765 avida
886 731 947 764 est
967 757 977 776 ‚
1016 731 1064 765 ut
1093 721 1126 765 si
1162 721 1391 783 quisquam
1428 720 1570 766 minus

193 798 345 833 cautus
364 799 438 833 aut
455 790 647 834 nesciens
668 789 776 852 quid
790 784 891 835 inde
908 791 1042 853 possit
1061 790 1256 835 accidere
1269 827 1279 845 ‚
1302 801 1568 836 nocturnum

191 857 339 903 lumen
362 858 554 921 posuerit
579 858 784 918 ubijacet
806 859 948 904 infans
967 897 978 915 ,
1005 860 1050 904 111
1069 877 1116 904 ea
1140 870 1264 922 parte
1283 859 1337 904 ad
1361 864 1570 922 quamja-

193 929 326 973 centis
349 929 464 973 oculi
485 929 656 991 possint
674 930 939 992 retorqueri,
967 947 1046 974 nec
1068 930 1207 974 cervix
1232 930 1363 992 possit
1384 929 1546 975 inflecti
1554 965 1566 986 ,

192 997 256 1042 sic·
276 1001 366 1056 ejus
389 998 490 1042 inde
513 1015 600 1042 non
622 1008 895 1043 removeatur
920 1009 1116 1061 aspectus
1134 1035 1144 1052 ,
1181 1009 1228 1043 111
1262 997 1492 1043 1101111111105
1522 1014 1569 1043 ex

192 1066 278 1112 1106
297 1068 425 1112 etiam
451 1067 674 1112 strabones
695 1068 787 1112 fieri
809 1069 1055 1113 noverimus
1072 1105 1081 1122 ‚
1105 1085 1197 1113 eam
1221 1067 1407 1113 formam
1423 1078 1569 1112 tenen-

192 1137 310 1183 tibus
334 1137 492 1192 0011115,
523 1154 653 1200 quam
691 1138 844 1182 teneris
867 1150 908 1183 et
931 1137 1138 1183 mollibus
1163 1137 1432 1183 consuetudo
1455 1153 1569 1200 quo-

193 1205 293 1251 dam
316 1205 446 1251 modo
465 1207 618 1252 infixit.
647 1208 712 1252 lta
731 1218 772 1251 et
795 1208 840 1252 111
870 1208 974 1252 alios
997 1208 1192 1270 corporis
1222 1224 1366 1253 sensus
1387 1233 1398 1261 ,-
1425 1223 1570 1270 quan-

196 1285 289 1321 tum
314 1276 414 1321 sinit
438 1276 511 1321 illa
533 1286 636 1321 aetas
656 1313 666 1332 ‚
693 1277 932 1322 intentione
951 1294 991 1322 se
1015 1277 1139 1339 quasi
1168 1287 1393 1322 coarctant
1412 1276 1569 1321 animae

193 1345 476 1408 parvulorum
498 1383 508 1400 ‚
528 1357 574 1391 ut
591 1345 809 1410 quidquid
831 1363 909 1409 per
927 1355 1099 1392 carnem
1121 1347 1302 1394 offendit
1323 1355 1398 1392 aut
1417 1346 1569 1401 allicit,

192 1415 278 1460 hoc
313 1415 453 1459 solum
489 1415 754 1460 abhorreant
790 1416 1067 1461 vehementer
1098 1427 1170 1461 aut
1203 1426 1412 1479 appetant
1441 1433 1451 1460 :
1495 1432 1570 1460 sua

141 1486 151 1496 ‘
191 1501 292 1530 vero
315 1485 519 1530 interiora
543 1503 629 1530 non
648 1486 861 1545 cogitent,
880 1504 958 1532 nec
982 1487 1148 1549 possint
1167 1486 1390 1532 admoneri
1408 1496 1457 1531 ut
1480 1485 1566 1530 hoc

193 1554 378 1608 faciant3
406 1556 507 1618 quia
543 1556 740 1601 nondum
768 1556 1039 1602 admonentis
1069 1558 1186 1616 signa
1222 1564 1458 1611 noverunt,
1494 1555 1571 1600 ubi

192 1625 468 1688 praecipuum
487 1625 633 1670 locum
650 1627 782 1671 verba
798 1627 998 1672 obtinent
1013 1664 1023 1682 ,
1045 1643 1145 1689 quae
1163 1627 1275 1672 sicut
1294 1627 1374 1671 alia
1394 1642 1571 1689 prorsus

193 1695 405 1740 nesciunt.
435 1687 565 1751 Quod
591 1706 734 1740 autem
763 1689 883 1741 aliud
904 1696 957 1741 sit
983 1713 1071 1741 non
1098 1706 1140 1741 s'e
1163 1713 1283 1740 nosse
1302 1733 1312 1751 ‚
1340 1694 1458 1741 aliud
1482 1711 1571 1740 non

194 1781 236 1810 se
252 1765 440 1824 cogitare
455 1803 464 1817 ‚
483 1769 574 1824 jam
594 1767 640 1810 in
660 1765 811 1811 eodem
836 1766 1058 1812 volumine
1078 1766 1343 1811 ostendimus
1357 1765 1385 1811 ¹.

259 1827 383 1880 Vlli.
415 1834 498 1880 Sed
524 1834 640 1880 hanc
661 1846 833 1881 aetatem
860 1836 1133 1891 omittamus,
1162 1848 1263 1899 quae
1280 1852 1359 1881 nec
1382 1835 1572 1880 interro-

194 1905 286 1965 gari
308 1915 451 1967 potest
476 1905 583 1968 quid
606 1905 652 1950 in
676 1923 717 1951 se
737 1901 912 1965 agatur,
937 1917 978 1951 et
999 1923 1076 1951 nos
1094 1907 1178 1969 ipsi
1192 1909 1282 1965 ejus
1300 1905 1426 1952 valde
1445 1903 1572 1950 obliti

194 1987 354 2021 sumus.
385 1971 500 2020 Hinc
523 1986 694 2020 tantum
712 1986 849 2021 certos
869 1985 946 2021 ’1105
967 1985 1054 2021 6556
1069 1976 1283 2022 suffecerit
1295 2005 1307 2031 9
1335 1974 1454 2038 quod
1471 1991 1573 2019 cum

194 2044 328 2090 homo
346 2044 398 2089 de
416 2045 549 2090 animi
568 2046 632 2090 sui
655 2057 810 2091 natura
830 2047 1020 2105 cogitare
1044 2047 1263 2109 potuerit,
1292 2054 1421 2108 atque
1447 2045 1572 2090 inve-

194 2115 285 2159 nire
309 2114 429 2177 quod
449 2132 599 2160 verum
620 2125 702 2170 651,
740 2115 845 2160 alibi
880 2133 966 2161 non
983 2116 1173 2161 inveniet
1187 2153 1197 2171 ,
1228 2132 1361 2179 quam
1380 2130 1510 2177 penes
1529 2127 1572 2158 se

194 2185 353 2247 ipsum.
392 2185 588 2230 Inveniet
620 2195 763 2230 autem
782 2222 792 2240 ‚
827 2203 916 2230 non
936 2185 1056 2248 quod
1082 2185 1326 2239 nesciebat‚
1357 2183 1430 2229 sed
1457 2182 1572 2228 unde

194 2270 281 2299 non
309 2254 545 2313 cogitabat.
575 2255 694 2311 Quid
721 2256 834 2301 enim
868 2258 1050 2312 scimus,
1083 2257 1116 2300 si
1135 2255 1254 2318 quod
1276 2265 1338 2300 est
1359 2255 1407 2304 in
1427 2264 1572 2299 nostra

195 2335 336 2369 mente
355 2325 567 2370 nescimus
580 2362 590 2380 ,
613 2342 713 2371 cum
733 2327 876 2371 onmia
897 2343 996 2389 quae
1013 2327 1171 2371 scimus
1191 2363 1201 2380 ‚
1223 2342 1310 2370 non
1329 2325 1411 2369 nisi
1430 2334 1571 2369 mente

195 2395 304 2445 scire
323 2394 578 2455 possimus}
595 2397 736 2450 'l'anta
752 2408 814 2441 est
840 2408 983 2441 tamen
1008 2396 1280 2455 cogitationis
1305 2395 1393 2449 vis‚-
1430 2404 1478 2438 ut
1496 2411 1574 2439 nec

195 2464 287 2525 ipsa
310 2479 426 2507 mens
450 2463 643 2525 quodam
665 2466 797 2511 modo
822 2483 863 2511 56
886 2467 930 2510 111
954 2477 1191 2528 conspectu
1208 2482 1284 2510 suo
1312 2474 1471 2527 ponat,
1494 2463 1577 2508 nisi

197 2531 372 2594 quando
397 2549 438 2577 se
483 2534 646 2592 cogitat
670 2553 679 2578 :
725 2552 773 2579 ac
803 2551 882 2596 per
904 2535 990 2581 hoc
1021 2536 1081 2581 ita
1110 2535 1224 2580 nihil
1253 2535 1300 2580 in
1335 2543 1572 2597 conspectu

247 2615 256 2636 ¹
276 2614 345 2648 Lib.
365 2625 398 2647 x.
