1894 3154
306 213 366 259 88
727 226 762 255 5.
804 224 924 255 Auen
933 225 1050 256 sr1N1
1085 223 1289 255 EPIScom

300 295 450 339 nolens
470 330 480 350 ,
518 302 763 355 sequeretur
803 290 877 336 illa
911 289 1083 335 miseria
1115 305 1248 352 quam
1282 288 1335 335 de
1376 289 1467 335 Deo
1506 290 1679 336 credere

307 381 462 423 magna
486 361 649 408 insania
667 371 756 413 est;
778 360 811 405 si
831 370 973 405 autem
1003 359 1182 414 diceret,
1207 358 1371 415 volens,
1394 359 1680 422 respondere-

308 445 379 478 tur
397 434 448 479 ei.
475 434 590 492 Ergo
621 441 663 475 et
686 430 776 492 ipse
802 430 918 474 Deus
941 439 1002 473 est
1030 445 1106 473 sua
1128 427 1366 485 voluntate,
1389 446 1477 474 non
1495 440 1648 474 natura
1668 447 1678 473 ε

311 503 430 560 Quid
456 518 555 561 ergo
579 501 784 555 restabat,
807 499 889 543 nisi
912 509 960 543 ut
985 498 1316 552 obmutesceret,
1345 509 1386 543 et
1409 515 1484 543 sua
1503 499 1684 544 interro-

311 575 479 633 gatione
497 571 738 631 obligatum
753 567 972 615 insolubili
987 567 1163 612 vinculo
1177 584 1218 612 se
1231 567 1407 614 videret.
1435 567 1519 613 Sed
1533 568 1680 614 volun-

316 655 377 688 tas
398 643 477 688 Dei
499 641 533 687 si
556 651 598 686 et
621 639 798 703 proprie
819 636 1002 683 dicenda
1025 647 1087 682 est
1115 637 1258 699 aliqua
1281 637 1325 682 in
1351 637 1562 683 Trinitate
1584 654 1688 701 per-

311 730 433 766 sona,
466 710 599 769 magis
626 709 712 753 hoc
733 724 893 752 nomen
929 707 1114 769 Spiritui
1146 717 1294 752 sancto
1318 707 1552 770 competit,
1577 707 1689 753 sicut

318 782 519 826 charitas.
547 776 769 840 Namquid
790 786 851 821 est
870 776 988 821 aliud
1008 776 1212 829 charitas,
1242 793 1374 838 quam
1393 778 1625 824 voluntas?

378 849 583 895 XXXIX.
611 846 747 893 Video
770 863 838 890 me
859 845 912 890 de
937 846 1106 908 Spiritu
1136 856 1284 891 sancto
1312 846 1358 891 in
1382 848 1463 891 isto
1480 847 1594 892 libro
1621 864 1690 891 se·-

318 920 513 965 cundum
526 917 772 979 Scripturas
793 925 959 960 sanctas
978 916 1063 960 hoc
1081 914 1337 977 disputasse,
1356 916 1475 978 quod
1489 916 1692 961 fidelibus

321 989 480 1034 sufficit
505 986 738 1033 scientibus
767 989 860 1044 jam
875 987 1016 1030 Deum
1037 1002 1123 1029 csse
1144 985 1356 1047 Spiritum
1374 997 1590 1042 sanctum,
1612 1003 1692 1031 nec

320 1059 493 1103 alterius
518 1055 791 1102 substantiae.
811 1071 891 1100 nec
915 1054 1126 1099 minorem
1151 1071 1283 1116 quam
1323 1065 1384 1099 est
1425 1059 1550 1100 Pater
1571 1066 1611 1100 et
1628 1056 1695 1100 Fi-

321 1128 420 1182 lius,
451 1125 572 1189 quod
590 1125 635 1170 in
652 1124 948 1187 superioribus
962 1123 1085 1168 libris
1103 1123 1342 1168 secundum
1361 1125 1526 1169 easdem
1548 1124 1693 1187 Scrip·

324 1209 439 1242 turas
458 1212 608 1242 verum
627 1211 712 1239 esse
736 1193 978 1239 docuimus.
1001 1195 1064 1238 De
1084 1203 1278 1239 creatura
1298 1193 1424 1238 etiam
1443 1212 1573 1257 quam
1594 1194 1696 1239 fecit

321 1271 457 1321 Deus,
486 1275 700 1328 quantum
728 1263 960 1317 valuimus,
989 1262 1293 1307 admonuimus
1313 1265 1468 1327 eosqui
1488 1265 1696 1309 rationem

324 1337 377 1381 de
395 1336 524 1381 rebus
547 1333 709 1378 talibus
736 1342 926 1394 poscunt
941 1369 951 1387 ,
981 1342 1028 1376 ut
1047 1332 1280 1377 invisibilia
1317 1336 1406 1392 ejus
1431 1351 1509 1396 per
1531 1351 1577 1378 ea
1597 1350 1698 1397 quae

320 1407 432 1451 lacta
459 1414 583 1459 sunt,
618 1403 731 1448 sicut
762 1413 969 1465 possent,
999 1402 1218 1447 intellecta
1253 1403 1550 1465 conspicerent
1584 1402 1620 1457 1,
1657 1415 1699 1449 et

326 1476 504 1521 maxime
545 1490 623 1536 per
658 1472 912 1517 rationalem
955 1471 1021 1517 vel
1051 1471 1387 1517 intellectualem
1428 1483 1694 1527 creaturam,

321 1563 421 1608 quae
440 1545 554 1589 facta
572 1553 633 1587 est
657 1541 709 1586 ad
730 1541 963 1600 imaginem
981 1541 1060 1586 Dei
1083 1557 1162 1603 per
1181 1542 1299 1603 quod
1320 1542 1438 1587 velut
1452 1543 1695 1604 speculum,

324 1625 536 1677 quantum
555 1621 746 1674 possent,
764 1611 796 1654 si
810 1620 1002 1672 possent,
1020 1620 1242 1655 cernerent
1257 1611 1514 1655 Trinitatem
1540 1613 1695 1666 Deum,

322 1687 366 1730 in
387 1696 533 1729 nostra
558 1681 763 1727 memoria
783 1717 793 1736 ,
814 1680 1095 1739 intelligentia
1109 1716 1120 1735 ,
1157 1680 1394 1727 voluntate.
1425 1682 1536 1738 Quae
1557 1682 1637 1727 tria
1656 1682 1701 1726 in

326 1772 402 1799 sua
430 1763 569 1798 mente
588 1749 841 1796 naturaliter
865 1749 1072 1794 divinitus
1097 1749 1293 1794 instituta
1317 1751 1512 1813 quisquis
1533 1751 1702 1797 vivaci--

328 1834 389 1868 ter
405 1820 631 1885 perspicit,
647 1830 688 1863 et
709 1835 839 1881 quam
854 1834 1061 1876 magnum
1079 1818 1134 1862 sit
1156 1819 1197 1862 in
1212 1836 1256 1863 ea
1267 1855 1277 1873 ,
1298 1819 1412 1864 unde
1422 1830 1564 1882 potest
1575 1821 1702 1866 etiam

325 1891 584 1954 sempiterna
618 1887 991 1950 immutabilisque
1012 1898 1167 1932 natura
1184 1888 1334 1943 recoli,
1356 1891 1570 1953 conspici,
1592 1908 1702 1936 con-

323 1961 486 2024 cupisci
501 1997 512 2016 ,
539 1958 832 2004 reminiscitur
851 1974 929 2020 per
954 1958 1207 2002 memoriam
1228 1996 1237 2013 ,
1260 1958 1454 2004 intuetur
1468 1977 1548 2022 per
1572 1960 1703 2005 intel-

326 2030 564 2090 ligentiam,
594 2027 871 2089 amplectitur
893 2043 971 2089 per
989 2026 1284 2080 dilectionem,
1323 2028 1520 2090 profecto
1545 2030 1704 2092 reperit

325 2103 440 2148 illius
465 2116 647 2146 summae
673 2098 897 2143 Trinitatis
937 2097 1183 2156 imaginem.
1237 2097 1302 2143 Ad
1329 2115 1461 2161 quam
1491 2117 1704 2146 summam

326 2171 586 2216 Trinitatem
629 2166 987 2213 reminiscendam
1008 2204 1018 2223 ,
1046 2167 1280 2213 videndam
1299 2205 1310 2224 ,
1344 2168 1627 2228 diligenciam,
1657 2181 1705 2216 ut

325 2258 418 2286 eain
439 2238 708 2294 recordetur,
735 2255 829 2283 eam
850 2237 1187 2300 contempletur,
1215 2255 1262 2283 ea
1286 2238 1539 2295 delectetur,
1561 2251 1706 2286 totum

325 2311 455 2356 debet
476 2308 632 2354 referre
664 2307 786 2370 quod
816 2307 938 2354 vivit.
990 2307 1153 2353 Verum
1177 2325 1230 2352 ne
1256 2308 1371 2352 hanc
1394 2309 1626 2368 imaginem
1648 2310 1705 2355 ab

325 2379 476 2426 eadem
499 2380 533 2423 T
539 2378 710 2423 rinitate
730 2378 911 2433 factam,
929 2388 970 2423 et
991 2394 1068 2423 suo
1092 2377 1198 2422 vitio
1223 2378 1268 2422 in
1295 2377 1481 2423 deterius
1503 2395 1706 2424 commu-

331 2460 480 2505 tatam,
498 2449 558 2494 ita
574 2447 712 2493 eidem
730 2460 955 2511 comparet
971 2448 1194 2503 Trinitati,
1216 2459 1264 2494 ut
1283 2449 1402 2494 omni
1423 2448 1553 2494 modo
1567 2449 1706 2495 existi-

368 2535 379 2556 ¹
399 2538 610 2575 Rom.1‚20.
