1894 3154
277 237 370 298 476
696 250 731 280 s.
775 248 1018 279 Aneusrml
1054 246 1258 278 EPIscom

275 318 343 371 tis,
371 315 443 362 sed
466 316 595 362 etiam
629 333 716 360 non
748 314 998 378 petentibus
1028 314 1244 372 ingeratis,
1276 315 1585 377 Respondeant
1610 316 1645 363 si

275 387 383 451 quid
406 386 589 439 volunt3
618 396 658 430 et
688 385 722 430 si
745 385 872 430 nobis
896 384 1067 437 nolunt,
1094 384 1241 429 saltem
1275 385 1328 430 ad
1351 403 1447 430 suos
1481 386 1644 432 litteras

275 457 467 511 mittant,
485 473 585 520 quae
611 466 755 500 tamen
781 455 905 499 nobis
936 453 1146 498 occultari
1179 471 1265 499 non
1288 455 1498 514 jubeant;
1526 455 1646 520 quod

276 527 310 572 si
328 527 512 581 faciunt,
541 526 805 589 apertissime
819 525 988 569 fructus
1012 540 1109 568 suos
1133 523 1344 585 produnt,
1366 527 1526 587 quibus
1551 526 1647 589 lupi

278 614 456 659 rapaces
491 596 635 641 induti
660 595 848 657 pellibus
882 596 1029 639 ovium
1063 593 1435 650 demonstrentur,
1464 596 1539 658 qui
1569 614 1652 642 oc,-

277 666 393 712 culte
417 665 679 710 insidiantur
699 664 853 709 ovibus
872 663 1043 719 nostris,
1064 674 1105 708 et
1124 674 1269 726 aperte
1298 666 1544 727 pastoribus
1569 683 1653 712 res·-

281 736 475 800 pondere
527 735 780 782 formidant.
850 736 937 780 Nos
977 735 1035 780 eis
1074 735 1377 781 tantummodo
1416 737 1658 783 schismatis

278 806 444 852 crimen
466 805 717 864 objicimus.
738 821 825 867 quo
842 805 1015 867 penitus
1039 821 1185 849 omnes
1211 804 1396 851 involuti
1416 818 1544 852 sunt:
1571 824 1661 852 non

282 876 578 938 quorumdam
604 892 750 920 eorum
777 875 976 921 crimina.
996 891 1093 937 quae
1111 874 1193 919 sibi
1214 874 1391 936 quidam
1417 893 1565 922 eorum
1582 876 1660 922 dis-

281 946 442 1009 plicere
478 945 782 1008 respondeant.
814 944 905 1007 Ipsi
940 961 1040 989 vero
1078 944 1112 989 si
1135 945 1262 989 nohis
1303 946 1439 991 aliena
1473 947 1660 992 crimina

282 1032 371 1060 non
398 1016 628 1075 objiciant,
653 1032 741 1060 non
760 1014 926 1059 habent
947 1014 1066 1077 quod
1092 1014 1303 1073 objiciant
1324 1034 1333 1059 :
1362 1026 1402 1060 et
1419 1016 1514 1061 ideo
1537 1034 1579 1062 se
1603 1017 1658 1062 ab

284 1084 440 1130 scelere
471 1085 713 1130 schismatis
743 1083 971 1128 defendere
996 1084 1172 1128 omnino
1204 1101 1290 1128 non
1314 1096 1495 1147 possunt
1520 1104 1530 1130 :
1557 1086 1662 1149 quia

283 1154 368 1200 sive
386 1165 568 1218 propter
585 1154 690 1199 falsa
709 1164 749 1198 et
767 1171 788 1198 a
807 1170 848 1198 se
868 1154 1073 1207 conficta,
1096 1154 1182 1198 sive
1198 1154 1323 1198 etiam
1347 1166 1527 1217 propter
1540 1173 1657 1210 vera,

286 1224 357 1269 sed
390 1236 532 1270 tamen
557 1224 694 1287 paleae
726 1223 908 1269 crimina
927 1260 938 1278 ‚
977 1241 1018 1268 se
1054 1223 1110 1267 ab
1133 1241 1229 1268 area
1254 1224 1486 1270 Dominica
1504 1262 1514 1278 ‚
1546 1235 1588 1270 et
1607 1225 1661 1269 ab

287 1295 536 1340 innocentia
562 1295 878 1340 frumentorum
908 1305 998 1339 toto
1029 1294 1134 1339 orbe
1158 1295 1470 1351 crescentium,
1504 1294 1664 1341 nefaria

288 1364 578 1427 diremptione
604 1375 873 1427 separarunt.

352 1436 559 1481 XXVIII.
590 1435 680 1479 Nisi
703 1434 812 1479 forte
833 1433 1065 1496 expectatis
1091 1451 1113 1477 a
1137 1450 1221 1487 me,
1246 1444 1292 1478 ut
1311 1434 1437 1479 etiam
1453 1434 1507 1480 de
1525 1434 1665 1480 Mani-

287 1505 412 1550 chaeo
438 1504 863 1567 quaei11terposuit1‚
889 1503 1152 1551 refellantur.
1185 1505 1283 1560 Qua
1305 1505 1350 1550 in
1373 1523 1416 1550 re
1434 1506 1560 1550 nobis
1577 1522 1665 1550 non

288 1574 515 1637 displicet,
549 1575 631 1619 nisi
660 1576 762 1638 quia
798 1573 1258 1636 pestilentiosissimum
1288 1585 1330 1619 et
1350 1575 1666 1637 perniciosissi-

289 1662 411 1689 mum
435 1661 622 1690 errorem
639 1681 649 1697 ‚
682 1644 729 1688 id
764 1654 853 1697 est,
890 1643 1237 1688 Manichaeorum
1259 1643 1461 1688 haeresim
1486 1644 1666 1688 omnino

288 1714 500 1760 levissima
527 1725 567 1759 et
594 1731 733 1777 prope
763 1713 883 1758 nulla
920 1713 1254 1776 reprehensione
1283 1714 1510 1777 culpavit3
1537 1730 1668 1777 quem

288 1785 479 1830 veritatis
497 1785 740 1830 fortissimis
771 1783 1044 1829 documentis
1069 1783 1298 1829 (Jatliolica
1317 1784 1665 1846 expugnat.Hae—

292 1855 450 1900 reditas
474 1856 586 1900 enim
614 1855 780 1900 Christi
803 1856 847 1900 in
873 1855 1076 1899 omnibus
1097 1855 1297 1914 gentibus
1323 1855 1573 1909 constituta,
1595 1853 1669 1900 ad-

291 1940 435 1968 versus
458 1942 604 1969 omnes
625 1924 919 1969 exhaeredatas
943 1924 1126 1969 haereses
1154 1935 1246 1969 tuta
1258 1935 1348 1969 est:
1378 1924 1450 1969 sed
1479 1925 1590 1969 sicut
1610 1923 1670 1968 ait

293 1993 532 2038 Dominus:
558 2014 578 2035 «
594 1993 827 2050 Quomodo
839 2004 979 2056 potest
1000 1994 1178 2038 Satanas
1203 1995 1406 2039 Satanam
1424 1995 1633 2053 ejicere2‘2‘
1650 2014 1670 2034 »

295 2063 352 2108 ita
370 2064 714 2109 Manichaeorum
740 2080 926 2109 errorem
944 2063 1164 2125 quomodo
1182 2074 1325 2126 potest
1342 2064 1671 2108 Donatistarum

296 2151 414 2179 error
436 2145 623 2179 evertere
642 2137 660 2179 ,3

363 2205 523 2250 XXIX.
541 2205 842 2267 Quapropter‚
865 2203 1123 2260 charissimi,
1150 2220 1400 2268 quanquam
1416 2203 1561 2249 multis
1580 2220 1671 2248 mo-

300 2273 365 2318 dis
391 2275 619 2320 convictus
637 2292 755 2320 error
778 2275 854 2320 iste
878 2285 1122 2337 superetur,
1149 2292 1228 2319 nec
1254 2275 1340 2319 ulla
1363 2275 1673 2338 qualicumque

299 2343 480 2399 ratione,
502 2344 574 2389 sed
593 2345 680 2389 sola
705 2345 977 2408 impudentia
997 2345 1209 2407 pertinaci
1229 2345 1418 2390 resistere
1437 2343 1592 2389 audeat
1606 2360 1674 2388 ve-

300 2413 436 2467 ritati,
478 2424 619 2460 tamen
638 2432 690 2459 ne
715 2415 967 2460 memoriam
984 2426 1166 2460 vestram
1191 2415 1553 2460 documentorum
1575 2430 1674 2458 one-

301 2494 364 2528 ret
382 2484 635 2539 multitudo,
657 2485 742 2530 hoc
761 2502 896 2530 unum
915 2486 1323 2531 [l‘laximianistarum
1335 2485 1449 2530 factu
1460 2503 1495 2528 m
1513 2494 1670 2537 tenete,

349 2567 462 2597 ¹11=l²a
479 2567 533 2598 lit».
555 2579 585 2599 9.
609 2578 677 2609 cip.
702 2570 749 2597 18.
768 2587 810 2591 --
827 2568 842 2590 ‘2
860 2567 960 2601 Marc,
987 2581 1040 2605 111,
1061 2572 1114 2600 23.
