1894 3154
344 248 434 297 180
763 262 797 292 S.
841 261 1083 292 Acecsrim
1120 259 1321 290 Episcorl

342 350 364 370 »
382 327 587 374 omnibus
602 326 910 390 iniquitatibus
939 325 1022 371 tuis
1040 362 1051 381 ,
1076 325 1151 388 qui
1177 334 1299 370 sanat
1318 339 1463 369 omnes
1488 323 1716 384 languores

345 420 367 442 >2
387 397 528 445 tuos1.
552 420 572 440 »
594 398 638 443 Si
663 414 810 443 omnes
830 397 1057 456 languores
1089 396 1180 458 ipse
1203 405 1351 451 sanat,
1391 393 1558 439 nullum
1585 394 1720 439 relin-

346 469 443 533 quit
464 485 594 531 quem
624 467 939 512 Parmenianus
964 482 1113 511 sanare
1142 482 1182 510 se
1206 465 1336 512 dicat.
1367 466 1578 509 Tanta-ne
1600 463 1721 528 apud

345 539 442 586 illos
458 537 623 583 lumina
643 546 743 581 sunt
761 573 772 593 ‚
796 546 845 580 ut
864 534 1110 580 illuminare
1129 534 1256 579 etiam
1276 533 1471 597 possint?
1493 534 1621 591 Quod
1643 551 1721 579 nec

346 608 438 665 illi,
464 607 615 671 quoin
638 607 748 651 natis
774 605 1004 651 mulierum
1026 609 1165 665 major
1190 605 1369 650 surrexit
1386 622 1510 650 nemo
1530 642 1540 661 ‚
1566 603 1724 651 Joanni

347 678 558 741 Baptistae
594 677 782 721 Joannes
822 675 1096 735 Evaiigelista
1130 675 1357 731 concedit,
1403 675 1456 719 de
1497 692 1584 738 quo
1619 674 1679 719 ait
1709 690 1719 718 :

347 771 368 791 t(
392 751 490 794 Non
515 758 607 793 erat
626 746 697 792 ille
719 746 866 792 lumen
884 783 895 803 ,
922 746 993 792 sed
1018 758 1067 792 ut
1094 746 1381 792 testimonium
1402 746 1655 809 perhiberet
1671 745 1725 790 de

350 841 372 862 ›>
390 819 570 864 lumine.
605 818 710 862 Erat
744 816 890 862 lumen
916 817 1036 880 quod
1062 816 1282 863 illuminat
1305 834 1474 862 ornnem
1502 816 1725 861 hominem

346 889 629 935 »venientem
660 889 707 933 in
734 887 856 933 hunc
884 887 1140 934 mundum2.
1171 909 1190 929 n
1225 887 1269 932 Si
1305 904 1474 933 omnem
1504 886 1727 932 hominem

345 959 455 1006 illud
479 959 627 1004 lumen
642 958 862 1004 illuminat
880 995 891 1015 ,
914 959 1083 1004 nullum
1100 957 1306 1022 relinquit
1322 975 1450 1021 quem
1473 957 1728 1002 Parmenia-

347 1048 430 1077 nus
451 1029 695 1076 illuminare
709 1046 750 1074 se
775 1028 907 1075 dicat.
943 1030 1058 1086 Quia
1083 1029 1159 1075 etsi
1180 1029 1315 1073 sancti
1331 1028 1544 1083 homines,
1572 1044 1730 1073 secun-

350 1101 456 1147 dum
485 1098 718 1162 quemdam
743 1098 924 1144 modum
949 1098 1159 1144 dicuntur
1180 1098 1414 1143 luminaria
1440 1115 1450 1142 :
1484 1097 1565 1143 alia
1589 1107 1730 1142 tamen

350 1181 452 1217 sunt
474 1168 640 1214 lumina
662 1168 926 1223 illuminata,
949 1169 1067 1215 aliud
1085 1169 1233 1214 lumen
1254 1167 1522 1222 illuminans,
1544 1166 1663 1230 quod
1680 1166 1730 1212 il·

351 1240 430 1287 lud
449 1250 510 1286 est
527 1239 580 1285 de
598 1256 685 1302 quo
703 1238 819 1285 idem
845 1243 1032 1285 Joannes
1048 1239 1243 1303 Baptista
1263 1238 1372 1284 dicit
1394 1256 1404 1283 :
1429 1259 1449 1279 α
1475 1239 1563 1283 Nos
1587 1254 1732 1283 omnes

349 1333 370 1353 ))
385 1309 719 1374 deplenitudine
732 1312 823 1369 ejus
839 1309 1118 1373 accepimus&
1131 1333 1149 1351 ι)
1165 1308 1316 1355 Nudos
1330 1318 1469 1354 autem
1483 1308 1579 1372 quis
1593 1309 1733 1364 vestit,

344 1381 427 1427 nisi
456 1380 533 1443 qui
553 1379 659 1425 dicit
680 1397 689 1424 :
723 1401 743 1421 (ι
760 1379 951 1425 Proferte
991 1380 1055 1425 illi
1077 1380 1228 1425 stolam
1272 1380 1458 1442 primam
1477 1378 1495 1406 ί·
1516 1395 1525 1422 :
1550 1400 1571 1420 »
1592 1388 1634 1423 et
1656 1377 1734 1440 qui

349 1449 639 1512 corruptibile
664 1449 750 1495 hoc
782 1450 932 1496 induet
962 1451 1354 1514 incorruptionem,
1382 1460 1423 1494 et
1446 1448 1626 1494 mortale
1647 1448 1733 1493 hoc

349 1520 503 1568 induet
519 1519 890 1566 immortalitatem
910 1521 958 1566 5?
987 1522 1042 1566 Et
1060 1521 1146 1566 hoc
1170 1519 1400 1583 quisquam
1427 1519 1577 1565 divino
1599 1518 1734 1564 indu-

351 1601 500 1638 mento
519 1590 706 1653 aliquem
730 1591 884 1636 vestire
908 1591 1094 1648 dicitur,
1123 1591 1193 1637 cui
1217 1607 1421 1650 magnum
1445 1600 1507 1635 est
1536 1589 1569 1635 si
1589 1588 1735 1635 vestiri

352 1663 446 1726 ipse
462 1664 707 1707 mereatur?
730 1662 829 1707 Jam
854 1680 982 1725 porro
1011 1662 1246 1709 emundare
1267 1661 1484 1725 pollutum
1510 1678 1552 1706 se
1577 1659 1736 1705 audeat

355 1733 517 1785 dicere,
540 1731 571 1776 si
586 1732 707 1794 prius
733 1731 862 1777 audet
882 1750 923 1779 se
942 1734 1083 1779 dicere
1102 1750 1188 1778 non
1214 1749 1300 1778 esse
1325 1731 1558 1795 pollutum.
1599 1733 1641 1776 M
1651 1747 1736 1775 un-

354 1802 445 1849 dati
465 1801 579 1847 enim
605 1818 752 1847 sumus
776 1820 854 1865 per
886 1804 1068 1863 gratiam
1092 1803 1203 1857 Dei;
1231 1801 1304 1848 sed
1324 1819 1404 1847 nec
1429 1812 1534 1847 tunc
1559 1800 1734 1864 quidem

356 1872 670 1919 mundabimus
688 1871 894 1936 aliquem,
917 1890 1018 1919 cum
1044 1873 1172 1919 fuerit
1194 1873 1539 1936 perfectanostra
1557 1870 1739 1917 munda-

359 1944 420 1989 tio
444 1960 454 1987 ι
483 1952 650 2006 quanto
667 1943 807 1988 minus
831 1943 980 1999 modo,
1003 1961 1104 1989 cum
1121 1960 1281 2006 corpus
1302 1942 1417 2006 quod
1443 1940 1740 2004 corrumpitur

362 2022 568 2073 aggravat
587 2011 776 2058 animam
795 2015 845 2058 9«
860 2014 969 2069 Quis
991 2014 1103 2059 enini
1117 2024 1281 2059 castum
1296 2012 1503 2073 glorietur
1515 2029 1556 2057 se
1578 2011 1740 2056 habere

360 2106 382 2127 »
406 2101 499 2137 cor,
541 2094 616 2128 aut
639 2083 736 2146 quis
759 2083 966 2143 glorietur
990 2084 1202 2130 mundum
1229 2102 1270 2130 se
1290 2101 1374 2130 esse
1405 2103 1424 2130 a
1450 2083 1695 2148 peccatoss‘?
1721 2102 1740 2123 »

362 2152 578 2200 Mundam
593 2153 760 2216 quippe
781 2165 911 2217 atque
936 2172 1099 2210 sanare,
1133 2155 1176 2200 in
1205 2154 1475 2218 spiritalibus
1494 2154 1621 2199 rebus
1641 2163 1741 2198 tan-

362 2224 560 2271 tumdem
575 2223 704 2270 valet.
736 2224 860 2269 Sicut
880 2235 1021 2270 autem
1048 2243 1123 2288 spe
1141 2225 1246 2271 salvi
1271 2225 1373 2271 facti
1404 2240 1568 2280 sumus,
1588 2223 1644 2268 ita
1667 2240 1742 2286 spe

363 2294 566 2342 mundati
583 2310 729 2339 sumus
746 2294 788 2339 in
806 2295 995 2358 perfecta
1019 2296 1155 2341 salute
1172 2308 1214 2341 et
1240 2296 1283 2341 in
1300 2295 1486 2359 perfecta
1507 2293 1735 2339 munditia.

366 2363 600 2422 Quomodo
624 2381 724 2424 ergo
749 2383 897 2411 sanare
920 2376 962 2411 et
996 2367 1208 2412 mundare
1242 2370 1333 2425 jam
1373 2381 1626 2429 possumus,
1668 2363 1744 2426 qui

362 2454 443 2483 nec
468 2447 571 2481 tunc
588 2436 846 2498 potel·imu5‚
876 2454 976 2483 cum
997 2438 1115 2483 omni
1136 2437 1264 2483 modo
1288 2436 1394 2483 salvi
1413 2447 1455 2481 et
1482 2435 1632 2481 mundi
1647 2435 1744 2480 sue-

405 2532 416 2554 ¹
435 2531 515 2563 psat.
546 2541 604 2567 cir,
632 2543 664 2564 2.
686 2549 731 2555 -
760 2531 774 2553 ²
796 2535 892 2566 Joan.
908 2539 910 2541 ’
929 2545 958 2571 1,
986 2536 1017 2565 3.
1038 2552 1081 2557 -
1100 2532 1113 2556 3
1138 2534 1222 2568 [bid.
1254 2535 1305 2567 ιθ.
1327 2550 1371 2557 --
1395 2530 1500 2565 1ΙΛιυ.
1538 2543 1593 2575 Μ’,
1623 2543 1680 2563 22.
1699 2548 1744 2555 —-

352 2586 369 2610 5
387 2598 401 2618 1
425 2589 503 2618 (Lus.
521 2595 574 2624 xv,
592 2585 633 2615 53
669 2584 735 2607 -ῡ
756 2587 846 2620 l’rov.
866 2598 921 2628 μ’,
941 2600 973 2629 9,
990 2590 1080 2631 juxta
1100 2599 1173 2621 Lxx.
