1894 3154
270 219 360 267 280
687 234 721 262 s.
769 231 1007 262 Aucusrtxr
1044 229 1249 262 EPISCOPI

262 299 492 347 facinorosi
516 297 731 354 homines,
751 297 982 353 luxuriosi,
1011 296 1185 351 ebriosi,
1211 294 1413 350 adulteri,
1435 305 1477 340 et
1497 294 1637 340 modis

262 371 467 417 omnibus
495 367 729 432 impudici,
752 367 884 420 fures,
911 376 1124 429 raptores,
1150 365 1402 420 homicidae,
1428 364 1632 419 latrones,

260 442 464 495 malefici,
490 438 755 493 idololatrae,
771 436 878 499 quid
898 435 1017 481 aliud
1037 435 1297 498 respondent
1314 452 1415 480 cum
1440 451 1509 480 eos
1527 434 1637 479 veri-

263 523 326 558 tas
350 509 508 570 arguit,
535 508 636 563 nisi,
660 508 756 552 Hoc
771 505 889 560 volo,
916 506 1001 550 hoc
1025 521 1093 549 me
1113 505 1329 550 delectat?
1353 505 1409 549 Et
1433 505 1467 549 si
1489 504 1637 549 Chris-

264 583 381 627 tiano
407 579 531 624 tincti
547 588 648 622 sunt
665 575 856 629 nomine,
883 574 1039 619 dicunt
1062 573 1189 618 etiam
1212 590 1222 617 ε
1248 594 1268 614 α
1287 575 1356 618 Tu
1382 574 1478 635 quis
1501 591 1542 618 es
1560 573 1637 636 qui

257 649 428 710 judices
446 646 632 692 alienum
661 660 832 691 servum
858 642 908 688 1?
927 643 1233 689 Verumtamen
1257 659 1305 687 eo
1327 653 1426 687 sunt
1448 643 1517 688 isti
1539 659 1638 687 mo-

264 719 486 773 destioreS,
520 716 624 780 quia
660 731 760 760 cum
783 714 953 772 legibus
977 713 1134 758 divinis
1166 724 1208 758 et
1241 713 1444 758 humanis
1471 711 1638 775 aliquid

264 804 497 853 poenarum
523 802 605 849 pro
622 785 708 829 suis
725 782 906 846 perditis
929 783 1124 827 moribus
1152 782 1363 844 factisque
1395 783 1639 844 patiuntur,

263 874 353 903 non
375 873 415 901 se
435 866 644 917 martyres
672 853 827 898 dicunt
851 869 862 897 ε
891 852 961 897 isti
984 862 1127 897 autem
1151 851 1280 897 simul
1303 852 1465 896 habere
1486 851 1641 897 volunt

265 938 307 973 et
331 925 632 985 sacrilegorum
650 924 785 969 vitam
805 933 847 967 et
870 922 1166 967 innocentium
1179 921 1359 977 famam,
1383 932 1425 966 et
1452 921 1496 966 in
1515 921 1642 966 scele-

265 997 369 1042 ratis
389 995 513 1041 factis
539 993 704 1039 nullam
727 1007 907 1054 poenam
935 1001 976 1035 et
1012 991 1058 1035 in
1080 990 1225 1053 poenis
1244 990 1369 1049 justis
1396 991 1641 1053 Martyrum

267 1067 446 1125 gloriam
471 1082 482 1110 ε
503 1063 627 1127 quasi
650 1079 740 1107 non
758 1072 878 1106 tanto
903 1061 956 1105 sit
985 1077 1082 1119 erga
1106 1060 1201 1105 illos
1222 1064 1360 1119 major
1394 1060 1641 1105 misericor—-

267 1136 336 1180 dia
354 1145 396 1179 et
408 1133 618 1197 patientia
639 1132 736 1186 Dei,
760 1140 926 1193 quanto
946 1130 1079 1188 magis
1099 1146 1168 1174 cos
1187 1130 1389 1191 partibus
1408 1129 1644 1191 corripiens

268 1204 343 1249 dat
364 1203 509 1248 locum
533 1200 806 1264 poenitentiae
831 1200 867 1255 2,
895 1209 936 1244 et
959 1199 1001 1244 in
1028 1199 1112 1243 bac
1137 1199 1224 1244 vita
1259 1198 1426 1258 flagella
1456 1198 1644 1257 ingemi-

265 1289 369 1318 nare
381 1289 466 1317 non
489 1281 637 1326 cessat,
661 1280 710 1314 ut
728 1269 1044 1314 considerantes
1063 1285 1163 1330 quae
1179 1269 1421 1331 patiantur,
1446 1278 1486 1312 et
1511 1284 1644 1330 quare

266 1342 509 1405 patiantur,
538 1338 771 1403 aliquando
797 1338 1050 1401 resipiscant
1077 1355 1087 1381 ε
1117 1338 1248 1400 etqui
1270 1340 1362 1396 jam
1374 1354 1455 1400 pro
1477 1337 1644 1382 unitate

267 1411 434 1458 Donati
476 1409 889 1455 Maximianistarum
928 1408 1197 1470 baptismum
1233 1418 1510 1469 receperunt,
1561 1424 1644 1469 pro

267 1498 374 1544 pace
395 1479 561 1525 Christi
584 1478 700 1524 orbis
732 1488 946 1522 terrarum
971 1477 1241 1539 baptismum
1277 1477 1425 1538 potius
1450 1476 1645 1539 amplec-

268 1560 434 1604 tantur,
458 1548 698 1594 reddantur
725 1546 880 1602 radici,
917 1546 1250 1591 reconcilientur
1273 1546 1447 1601 unitati,
1472 1546 1645 1591 videant

269 1619 382 1666 nihil
406 1619 490 1663 sibi
507 1617 756 1663 remansisse
781 1615 898 1679 quod
920 1615 1085 1669 dicant,
1117 1615 1188 1660 sed
1227 1625 1372 1660 tamen
1396 1609 1646 1660 remansisse

264 1689 383 1753 quod
401 1687 579 1743 faciant,
610 1697 658 1732 ut
680 1702 761 1748 pro
785 1685 908 1730 factis
937 1701 1085 1729 eorum
1117 1684 1347 1747 praeteritis
1378 1684 1642 1729 sacrificium

269 1757 513 1816 dilectionis
531 1757 734 1802 offeratur
758 1754 968 1817 placabili
995 1756 1101 1809 Deo,
1125 1758 1249 1813 cujus
1273 1754 1485 1798 unitatem
1521 1753 1644 1799 nefa-

268 1828 333 1873 rio
351 1826 505 1872 scelere
526 1825 824 1888 disruperunt,
863 1826 989 1882 cujus
1011 1824 1288 1868 sacramentis
1308 1834 1395 1867 tam
1418 1823 1647 1870 diuturnas

269 1896 448 1956 injurias
470 1896 730 1953 irrogarunt.
759 1915 778 1934 α
798 1893 1041 1937 Misericors
1061 1903 1122 1937 est
1136 1893 1250 1937 enim
1265 1903 1305 1937 et
1326 1893 1548 1938 miserator
1562 1895 1648 1939 Do·

273 1988 294 2008 >³
319 1965 487 2020 minus,
514 1962 770 2022 longanimis
799 1971 841 2006 et
876 1961 1063 2005 multum
1097 1961 1338 2005 misericors
1359 1971 1401 2005 et
1422 1978 1545 2007 verax
1565 1963 1596 2009 3.
1627 1984 1646 2004 »

274 2035 606 2098 Amplectamur
634 2033 680 2077 in
704 2031 906 2095 praesenti
925 2031 1013 2076 vita
1045 2030 1362 2076 misericordem
1385 2042 1426 2077 et
1445 2032 1638 2091 longani-

273 2123 405 2160 mem,
450 2114 491 2149 et
520 2103 701 2148 timeant
723 2101 769 2146 in
792 2099 941 2145 futura
976 2116 1186 2146 veracem.
1222 2120 1242 2140 «
1267 2102 1366 2145 Non
1401 2102 1496 2146 vult
1531 2104 1645 2148 enim

274 2184 492 2220 »mortem
508 2171 654 2234 impii,
671 2180 885 2234 quantum
907 2179 957 2214 ut
975 2179 1213 2214 revertatur
1233 2179 1274 2214 et
1291 2170 1407 2215 vivat
1427 2170 1444 2199 4
1471 2189 1480 2215 :
1505 2193 1524 2212 »
1544 2173 1644 2234 quia

275 2242 525 2290 sententiam
543 2241 679 2286 flectit
694 2239 896 2285 adversus
912 2238 1090 2297 injurias
1106 2239 1327 2297 irrogatas.
1352 2240 1460 2286 Haec
1474 2251 1535 2286 est
1551 2259 1647 2287 nos-

276 2325 340 2359 tra
361 2311 618 2357 exhortatio.

340 2382 458 2427 XVI.
490 2382 675 2443 Propter
697 2379 783 2424 hoc
798 2395 868 2423 eos
892 2377 1104 2423 habemus
1119 2377 1317 2423 inimicos
1334 2379 1434 2440 quia
1455 2396 1552 2425 vera
1573 2380 1646 2425 di-

280 2453 436 2505 cimus,
472 2450 575 2512 quia
599 2460 738 2494 tacere
773 2447 1022 2502 metuimus,
1061 2447 1164 2509 quia
1190 2463 1351 2491 cessare
1369 2448 1424 2492 ab
1444 2448 1646 2494 instantia

327 2535 337 2555 ¹
354 2529 446 2566 Rom.
466 2541 532 2568 xiv,
557 2537 587 2567 4.
603 2548 645 2553 -—
660 2528 676 2551 ²
693 2532 764 2573 Sap.
788 2541 966 2569 xu‚10.-
983 2527 997 2551 3
1014 2530 1093 2562 Psal.
1111 2540 1169 2565 cu,
1190 2529 1267 2561 8.-
1286 2526 1301 2550 ⁴
1321 2530 1570 2567 Ezecli.ux111‚
1595 2542 1643 2561 11.
