1894 3154
300 298 358 346 70
729 300 765 330 S.
806 298 1050 330 AUGUSTINI
1085 298 1286 330 EPISCOPI

298 373 340 409 et
366 380 453 410 esse
481 363 546 410 ibi
578 380 714 410 unum
742 374 818 411 est.
849 365 905 409 Et
932 364 1030 410 ideo
1055 363 1175 409 Patri
1195 364 1308 409 sicut
1331 380 1417 409 esse
1446 380 1535 410 non
1566 373 1627 410 est
1651 381 1674 410 a

296 434 433 490 Filio,
460 435 520 480 ita
551 452 631 481 nec
665 452 800 481 nosse.
833 434 1026 480 Proinde
1046 445 1254 499 tanquam
1280 451 1323 479 se
1353 434 1497 497 ipsum
1526 434 1674 480 dicens

297 506 428 551 Pater
446 506 594 565 genuit
621 506 814 551 Verbum
839 505 923 550 sibi
943 505 1108 569 aequale
1132 522 1212 569 per
1232 505 1392 550 omnia.
1427 506 1527 550 Non
1557 506 1673 550 enim

295 591 338 620 se
367 575 510 638 ipsum
541 576 705 635 integre
737 575 1015 639 perfecteque
1044 575 1238 631 dixisset,
1273 575 1306 620 si
1337 574 1503 637 aliquid
1531 575 1674 620 minus

298 655 373 690 aut
398 645 585 708 amplius
606 657 710 692 esset
731 646 776 691 in
793 649 883 706 ejus
899 645 1047 692 Verbo
1066 662 1200 710 quam
1223 646 1269 691 in
1284 646 1394 708 ipso.
1420 644 1491 690 Ibi
1510 661 1675 707 summe

294 714 405 759 illud
431 715 696 774 agnoscitur:
715 736 735 756 α
757 717 851 772 Εεῖ,
871 726 953 761 θεῖε
975 717 1092 773 Non,
1112 715 1236 762 n0n1.
1261 737 1281 757 2>
1299 717 1354 760 Et
1372 713 1469 761 ideo
1479 715 1676 761 Verbum

296 783 384 830 hoc
405 802 502 830 Vere
524 786 679 831 veritas
701 796 762 831 est
783 803 793 830 :
814 786 1023 849 quoniam
1045 786 1265 849 quidquid
1287 795 1348 831 est
1366 786 1409 831 in
1428 803 1477 831 ea
1499 786 1676 831 scientia

297 853 350 898 de
385 871 471 917 qua
505 855 696 914 genitum
720 866 806 912 est,
845 866 887 901 et
909 856 955 901 in
984 856 1080 919 ipso
1114 865 1204 909 est;
1239 855 1358 919 quod
1391 866 1535 900 autem
1558 856 1604 900 in
1629 873 1676 900 ea

296 942 387 970 non
417 935 503 980 est,
538 942 618 971 nec
645 926 692 971 in
715 926 810 990 ipso
833 937 908 973 est.
943 927 998 972 Et
1025 925 1182 972 falsum
1214 926 1379 971 habere
1403 925 1569 989 aliquid
1590 926 1678 970 hoc

297 995 492 1041 Verbum
512 1013 741 1060 nunquam
764 1008 907 1060 potest
929 1015 939 1042 ε
964 997 1067 1061 quia
1088 996 1423 1043 immutabiliter
1447 997 1507 1041 sic
1533 1013 1574 1041 se
1600 995 1679 1040 ha-

298 1066 374 1111 bet
391 1103 402 1122 ,
430 1076 478 1111 ut
496 1083 538 1111 εθ
561 1067 697 1113 habet
722 1067 776 1113 de
801 1085 889 1131 quo
913 1078 988 1114 est.
1023 1089 1044 1109 «
1066 1067 1164 1112 Non
1192 1067 1307 1112 enim
1329 1077 1474 1130 potest
1499 1066 1632 1111 Filius
1657 1083 1681 1110 a

300 1158 320 1177 2>
341 1153 382 1181 se
404 1135 544 1182 facere
568 1137 811 1201 quidquam
830 1175 841 1194 ,
875 1138 957 1183 nisi
987 1137 1107 1200 quod
1131 1136 1290 1183 viderit
1318 1138 1493 1182 Patrem
1515 1136 1682 1182 facien-

299 1228 319 1248 »
339 1207 470 1252 tem‘2.
494 1228 514 1248 2)
533 1208 738 1253 Potenter
753 1208 842 1254 hoc
861 1225 949 1253 non
970 1218 1138 1271 potest,
1160 1224 1240 1253 nec
1257 1218 1319 1253 est
1335 1207 1565 1253 infirmitas
1582 1207 1679 1262 ista,

300 1275 374 1322 sed
395 1277 577 1322 firmitas
591 1315 602 1334 ⁵
633 1295 720 1341 qua
739 1271 846 1324 falsa
865 1295 952 1324 esse
973 1296 1062 1347 non
1079 1288 1223 1342 potest
1245 1277 1415 1324 veritas.
1447 1277 1581 1324 Novit
1598 1278 1685 1322 ita-

304 1363 387 1409 que
413 1347 561 1392 omnia
581 1348 698 1393 Deus
723 1350 851 1395 Pater
875 1349 921 1394 in
946 1366 988 1394 se
1010 1349 1108 1412 ipso
1125 1385 1136 1404 ,
1160 1347 1284 1395 novit
1303 1347 1350 1392 in
1376 1347 1485 1393 Filio
1510 1365 1520 1392 ε
1547 1347 1687 1393 sedin

304 1434 346 1462 se
371 1417 466 1480 ipso
493 1427 704 1481 tanquam
737 1436 779 1464 se
814 1420 961 1483 ipsum
981 1456 993 1475 ‚
1027 1421 1073 1465 in
1107 1419 1215 1464 Filio
1247 1429 1456 1482 tanquam
1493 1418 1687 1465 Verbum

302 1504 456 1542 suum,
482 1488 602 1550 quod
629 1500 691 1534 est
724 1489 778 1535 de
809 1490 879 1535 his
914 1490 1119 1535 omnibus
1157 1506 1258 1553 quae
1293 1499 1393 1534 sunt
1422 1489 1469 1534 in
1503 1506 1545 1534 se
1569 1489 1679 1552 ipso.

308 1557 470 1602 Omnia
493 1558 690 1604 similiter
710 1559 832 1605 novit
855 1569 897 1604 et
921 1558 1053 1605 Filius
1071 1596 1082 1615 ‚
1109 1559 1155 1604 in
1184 1577 1226 1605 se
1257 1558 1443 1615 scilicet,
1479 1569 1689 1622 tanquam

308 1644 356 1672 ca
370 1643 471 1690 quae
487 1637 588 1672 nata
608 1639 709 1674 sunt
728 1629 782 1674 de
799 1629 850 1675 iis
868 1646 968 1694 quae
987 1631 1117 1676 Pater
1129 1630 1252 1676 novit
1269 1630 1314 1674 in
1333 1629 1482 1692 seipso
1506 1646 1516 1674 ε
1534 1629 1581 1674 in
1598 1630 1689 1674 Pa-

309 1707 376 1742 tre
406 1708 551 1743 autem
569 1735 580 1755 ‚
607 1709 819 1763 tanquam
851 1717 899 1746 ea
931 1700 985 1746 de
1015 1701 1177 1764 quibus
1204 1710 1306 1745 nata
1330 1710 1457 1756 sunt,
1479 1717 1579 1763 quae
1597 1700 1690 1763 ipse

308 1767 440 1812 Filius
461 1769 584 1814 novit
604 1769 650 1814 in
675 1787 716 1816 se
734 1771 849 1833 ipso.
875 1771 1033 1816 Sciunt
1055 1788 1156 1830 ergo
1180 1771 1367 1817 invicem
1395 1772 1524 1816 Pater
1549 1781 1591 1816 et
1615 1770 1691 1815 Fi-

306 1836 390 1882 11us
415 1855 425 1882 z
453 1837 527 1882 sed
560 1838 632 1884 ille
663 1840 906 1899 gignendo,
946 1842 1024 1886 iste
1052 1840 1284 1888 nascendo.
1327 1842 1383 1886 Et
1415 1841 1561 1886 omnia
1590 1857 1692 1904 quae

308 1917 410 1952 sunt
434 1907 479 1952 in
503 1925 655 1954 eorum
676 1911 853 1955 scientia
867 1948 877 1966 ‚
902 1910 948 1956 in
966 1927 1116 1956 eorum
1138 1911 1349 1974 sapientia
1366 1948 1377 1967 ,
1397 1911 1444 1956 in
1463 1927 1612 1956 eorum
1632 1928 1693 1956 es-

309 1978 444 2023 sentia
461 2016 472 2034 ,
494 1981 791 2044 unusquisque
806 1999 955 2027 eorum
977 1981 1106 2028 simul
1123 1982 1242 2028 videt
1262 2000 1272 2026 :
1293 1999 1380 2027 non
1394 1981 1693 2045 particulatim

312 2059 389 2094 aut
410 2049 685 2109 singillatim,
712 2051 832 2099 velut
857 2051 1096 2098 alternante
1113 2063 1351 2116 conspectu
1370 2053 1476 2098 hinc
1495 2052 1601 2098 illuc
1615 2090 1627 2109 ,
1652 2062 1694 2098 θῖ

310 2118 413 2164 inde
436 2119 551 2177 huc,
578 2130 619 2166 et
643 2138 791 2168 rursus
821 2122 923 2169 inde
948 2122 1018 2169 vel
1037 2123 1140 2168 inde
1169 2123 1215 2168 in
1237 2123 1357 2169 aliud
1386 2134 1514 2186 atque
1543 2122 1662 2168 aliud
1679 2160 1690 2179 ‚

312 2199 363 2234 ut
385 2189 530 2252 aliqua
554 2190 700 2237 Videre
722 2209 810 2238 non
825 2193 963 2256 possit
990 2193 1074 2238 nisi
1096 2210 1186 2239 non
1204 2193 1355 2240 videns
1375 2194 1458 2239 alia
1484 2211 1494 2238 :
1525 2192 1598 2239 sed
1615 2230 1625 2249 ,
1646 2203 1695 2238 ut

306 2259 420 2315 dixi,
445 2261 574 2307 simul
598 2263 745 2309 omnia
769 2263 916 2322 videt,
945 2280 1135 2327 quorum
1162 2264 1337 2311 nullum
1371 2275 1434 2311 est
1456 2264 1578 2328 quod
1602 2281 1694 2310 non

310 2346 481 2393 semper
503 2331 638 2379 videt.

370 2401 532 2448 XXIV.
563 2403 761 2449 Verbum
786 2415 930 2451 autem
951 2417 1150 2452 nostrum
1172 2405 1283 2451 illud
1303 2404 1424 2469 quod
1442 2422 1531 2451 non
1561 2405 1696 2452 habet

303 2488 459 2517 sonum
482 2489 622 2536 neque
655 2476 963 2534 cogitationem
988 2478 1110 2534 soni,
1145 2476 1218 2523 sed
1249 2482 1339 2536 ejus
1374 2477 1437 2522 rei
1467 2494 1601 2540 quam
1624 2477 1695 2523 vi-

307 2541 450 2588 dendo
471 2543 588 2615 intus
607 2544 794 2592 dicimus
812 2584 823 2602 ,
863 2559 905 2593 et
930 2548 1029 2594 ideo
1059 2548 1222 2594 nullius
1247 2547 1409 2608 linguae
1436 2558 1528 2601 θεῖς
1567 2558 1696 2611 atque

361 2625 369 2646 ¹
388 2623 505 2657 Mffflh·
529 2628 672 2665 v‚34.et
692 2640 708 2658 2
724 2631 799 2661 Cor.
825 2641 852 2667 t,
874 2642 925 2671 ¹9·
945 2650 987 2655 —
1006 2630 1021 2652 ²
1040 2634 1138 2666 Joan.
1162 2644 1192 2667 v,
1214 2643 1267 2671 ις).

1845 2416 1879 2641 ’ςιτῖιῂθθω
1858 2379 1869 2395 ἰ
1847 2335 1866 2356 θ’

1856 2851 1887 3029 mutim&
1859 2753 1882 2814 ’.ν-ν
