1894 3154
407 256 468 304 ὃς
828 265 847 295 s
858 285 868 295 .
905 262 1150 295 Aucusrrm
1181 261 1387 294 EPISCOPI

404 335 613 383 nascitur.
639 333 730 378 Nec
748 331 924 377 interest
946 328 1123 392 quaudo
1143 327 1189 373 id
1213 325 1442 382 didicerit,
1471 325 1545 389 qui
1564 325 1685 389 quod
1706 327 1785 373 scit

407 406 632 471 loquitur,
672 400 907 466 aliquando
943 400 1057 446 enim
1099 398 1242 443 statim
1278 407 1327 442 ut
1359 395 1510 453 discit,
1537 396 1624 442 hoc
1647 396 1782 455 dicit,

411 477 518 522 dum
544 486 688 520 tamen
729 472 918 519 verbum
955 470 1006 515 sit
1042 485 1191 514 verum
1208 505 1219 524 ‚
1253 467 1299 512 id
1326 477 1413 522 est,
1443 466 1497 512 de
1524 467 1635 512 notis
1657 468 1788 514 rebus

409 558 619 593 exortum.
650 543 734 590 Sed
757 541 976 606 numquid
1007 541 1122 585 Deus
1155 541 1311 594 Pater,
1346 538 1399 583 de
1422 555 1510 600 quo
1540 549 1691 584 natum
1726 549 1789 583 est

410 619 603 664 Verbum
629 616 682 661 de
707 617 799 659 Deo
824 615 965 666 Deus3
993 609 1211 673 numquid
1237 626 1336 668 ergo
1361 609 1478 654 Deus
1507 609 1636 654 Pater
1655 609 1698 654 in
1716 609 1790 654 illa

409 688 619 751 sapientia
644 684 763 748 quod
785 693 846 728 est
865 683 955 745 ipse
983 682 1065 726 sibi
1084 718 1094 736 ‚
1124 680 1205 725 alia
1224 679 1380 724 didicit
1401 697 1480 742 per
1503 696 1671 724 sensum
1691 696 1790 725 cor-

409 757 529 821 poris
562 755 650 810 sui,
691 753 773 798 alia
803 769 882 814 per
915 768 956 795 sc
979 751 1155 813 ipsum?
1187 750 1294 805 Quis
1320 749 1407 794 hoc
1431 749 1576 805 dicat,
1607 750 1791 812 quinon

412 825 571 873 animal
605 821 842 877 rationale,
874 821 947 866 sed
982 837 1113 883 supra
1139 819 1327 863 animani
1362 819 1619 864 rationalem
1651 820 1790 865 Deum

410 897 601 957 cogitat,
623 903 838 958 quantum
863 891 919 936 ab
939 890 997 935 eis
1022 889 1201 948 cogitari
1228 898 1369 951 potest
1387 925 1397 944 ,
1430 889 1506 951 qui
1527 906 1624 934 eum
1647 889 1793 934 omni-

411 969 495 1013 bus
525 964 787 1012 animalibus
819 972 860 1006 et
893 961 1098 1005 omnibus
1123 959 1274 1004 animis
1300 958 1561 1021 praeferunt.
1591 959 1793 1023 quamvis

409 1056 488 1102 per
505 1035 735 1100 speculum
759 1043 800 1077 et
824 1032 868 1076 in
902 1031 1130 1089 {enigmate
1159 1029 1432 1089 conjiciendo
1456 1029 1654 1086 videant,
1677 1047 1793 1075 non·-

410 1110 516 1155 dum
533 1107 641 1152 facie
660 1104 714 1149 ad
738 1102 892 1148 faciem
913 1100 1039 1146 sicuti
1064 1103 1158 1145 est?
1192 1099 1419 1162 Numquid
1455 1104 1573 1145 Deus
1598 1102 1727 1145 Pater
1748 1118 1794 1146 ea

411 1180 528 1242 ipsa,
557 1191 656 1239 quae
681 1190 770 1218 non
788 1189 866 1234 per
884 1187 1045 1233 corpus
1062 1206 1071 1223 ‚
1101 1169 1221 1232 quod
1250 1179 1309 1213 est
1333 1169 1370 1213 ei
1395 1169 1564 1214 nullum
1580 1207 1591 1226 ‚
1619 1169 1692 1215 sed
1717 1188 1796 1233 per

410 1266 452 1294 se
473 1249 619 1310 ipsum
637 1245 718 1289 scit
736 1281 746 1299 ,
771 1240 944 1288 aliunde
969 1241 1025 1285 ab
1049 1240 1196 1302 aliquo
1226 1239 1411 1295 didicit,
1443 1251 1518 1285 aut
1537 1240 1706 1286 nuntiis
1727 1241 1795 1286 vel

408 1318 591 1364 testibus
609 1352 619 1371 ‚
651 1323 700 1358 ut
723 1330 771 1358 ea
793 1311 947 1361 sciret,
972 1309 1160 1368 indiguit
1177 1312 1193 1353 Ξ)
1224 1310 1321 1353 Non
1348 1310 1500 1373 utique
1527 1328 1537 1354 :
1567 1310 1794 1357 adomnia

415 1389 584 1453 quippe
605 1383 779 1430 scienda
804 1399 905 1444 quae
931 1382 1012 1426 scit
1029 1417 1040 1436 ,
1063 1380 1223 1425 suflicit
1249 1380 1331 1424 sibi
1352 1380 1424 1425 illa
1445 1380 1667 1444 perfectio.
1702 1386 1796 1426 Ha-

411 1461 489 1505 bet
515 1456 692 1521 quidem
724 1453 900 1499 nuntios
918 1489 928 1507 ‚
957 1451 1003 1496 id
1027 1461 1114 1503 est,
1146 1450 1342 1509 angelos»,
1369 1468 1457 1496 non
1483 1461 1628 1496 tamen
1657 1452 1734 1515 qui
1760 1453 1797 1497 ci

419 1545 519 1593 quae
538 1526 676 1572 nescit
695 1522 978 1575 annuntient3
998 1538 1086 1565 non
1110 1521 1224 1565 enim
1244 1531 1344 1565 sunt
1362 1520 1449 1565 ulla
1471 1538 1574 1584 quae
1599 1521 1760 1566 nesciat
1783 1540 1794 1566 z

415 1598 490 1645 sed
508 1599 676 1642 bonum
701 1610 849 1638 eorum
871 1603 931 1636 est
950 1591 1002 1636 de
1031 1591 1238 1653 operibus
1262 1590 1351 1635 suis
1370 1594 1460 1649 ejus
1487 1590 1709 1636 consulere
1728 1609 1799 1637 ve-

383 1694 392 1700 κ
416 1670 614 1719 ritatem3
643 1674 684 1709 et
705 1663 793 1707 hoc
816 1671 877 1706 est
895 1660 1014 1724 quod
1038 1661 1075 1705 ei
1099 1659 1309 1705 dicuntur
1332 1659 1544 1705 nonnulla
1568 1661 1793 1717 nuntiare,

417 1755 508 1784 11011
526 1746 575 1781 ut
600 1734 692 1796 ipse
712 1732 767 1776 ab
786 1731 843 1776 eis
862 1731 1001 1775 discat
1017 1767 1027 1785 ,
1061 1729 1133 1774 sed
1154 1740 1202 1774 ut
1222 1730 1277 1774 ab
1302 1729 1377 1774 illo
1403 1730 1487 1793 ipsi
1506 1747 1585 1792 per
1606 1730 1800 1776 Verbum

423 1813 514 1867 ejus
538 1804 627 1850 sine
651 1801 867 1864 corporali
891 1817 1009 1846 sono.
1044 1800 1259 1845 Nuntiant
1291 1801 1419 1845 ctiam
1445 1800 1565 1862 quod
1588 1801 1796 1857 voluerit,

427 1879 482 1924 ab
509 1892 557 1921 eo
588 1872 705 1918 missi
741 1871 795 1916 ad
828 1887 936 1933 quos
962 1869 1171 1925 voluerit,
1206 1880 1348 1914 totum
1382 1870 1437 1914 ab
1468 1870 1543 1915 illo
1577 1888 1655 1934 per
1691 1872 1801 1917 illud

426 1946 621 1992 Verbum
645 1945 736 2001 eJ'us
757 1940 976 1986 audientes
992 1977 1002 1995 ,
1033 1939 1078 1985 id
1098 1950 1183 1996 est,
1203 1939 1248 1984 in
1269 1943 1359 1999 ejus
1376 1940 1554 1985 veritate
1575 1941 1802 1987 invenien-

426 2029 489 2063 tes
507 2013 614 2078 quid
638 2012 721 2057 sibi
739 2010 987 2056 faciendum
1007 2047 1018 2066 ,
1046 2009 1151 2072 quid
1169 2047 1179 2065 ‚
1209 2010 1391 2072 quibus,
1417 2020 1457 2055 et
1483 2010 1660 2073 quando
1684 2029 1802 2057 nun-

426 2086 629 2133 tiandum
647 2082 713 2128 sit.
740 2082 852 2127 'Nam
880 2091 921 2126 et
940 2098 1016 2126 nos
1043 2098 1213 2126 oramus
1233 2098 1330 2126 eum
1350 2118 1361 2136 ,
1388 2098 1467 2126 nec
1491 2092 1635 2127 tamen
1654 2100 1804 2128 neces-

430 2159 573 2204 sitates
591 2163 760 2199 nostras
780 2151 985 2196 docemus
1003 2167 1116 2197 eum.
1149 2173 1168 2192 <‹
1188 2151 1323 2196 Novit
1342 2151 1454 2195 enim
1473 2188 1483 2206 ‚
1521 2153 1580 2196 ait
1610 2152 1804 2198 Verbum

430 2250 452 2271 >³
472 2232 563 2288 ejus
585 2263 595 2281 ,
630 2225 760 2268 Pater
797 2233 932 2267 vester
962 2221 1071 2286 quid
1106 2222 1230 2267 vobis
1261 2221 1549 2267 necessarium
1573 2223 1649 2279 sit,
1682 2223 1805 2286 prius

429 2321 452 2342 2>
471 2313 603 2362 quam
623 2293 781 2357 petatis
806 2293 861 2338 ab
881 2309 930 2337 eo
942 2291 974 2338 ’1.
1000 2313 1021 2333 »
1049 2293 1138 2337 Nec
1157 2292 1234 2337 ista
1252 2309 1298 2336 ex
1325 2291 1469 2354 aliquo
1490 2302 1684 2355 tempore
1706 2310 1805 2353 cog-

426 2368 574 2422 novit,
598 2375 646 2409 ut
667 2373 809 2408 nosset
833 2381 843 2407 z
869 2362 939 2408 sed
964 2362 1111 2407 futura
1134 2363 1279 2407 omnia
1298 2363 1554 2424 temporalia
1573 2401 1584 2420 ‚
1606 2375 1734 2427 atque
1758 2365 1802 2409 in

427 2439 486 2484 eis
523 2435 652 2481 etiam
680 2432 787 2496 quid
823 2442 864 2477 et
899 2431 1076 2494 quando
1109 2432 1164 2477 ab
1189 2431 1265 2476 illo
1287 2431 1467 2494 petituri
1488 2431 1734 2489 fueramus,
1765 2443 1807 2478 et

424 2524 534 2572 quos
556 2515 597 2551 et
620 2503 673 2548 de
693 2502 857 2565 quibus
876 2503 1008 2548 rebus
1030 2503 1098 2550 vel
1118 2501 1395 2549 exauditurus
1420 2501 1489 2548 vel
1516 2520 1602 2548 11011
1625 2503 1807 2549 exaudi-

467 2592 479 2614 ι
501 2587 622 2626 matth.
643 2597 690 2627 w,
712 2585 745 2618 8.
