1894 3154
324 272 381 305 DE
419 270 644 304 BAPTlsno
682 271 858 305 CONTRA
892 270 1186 315 DONATISTAS,
1225 274 1312 308 LIB.
1353 278 1395 311 v.
1477 265 1569 328 349

193 338 408 387 venientes
425 376 436 395 ,
470 339 558 384 sine
587 337 808 401 baptismo
844 337 1017 384 admissi
1041 341 1168 384 sunt?
1200 341 1359 389 Potens
1381 355 1472 400 est,
1496 345 1569 390 in-

192 411 312 474 quit,
349 409 562 455 Dominus
597 408 893 454 misericordia
924 425 999 454 sua
1022 409 1337 470 indulgentiam
1364 414 1493 471 dare,
1529 425 1570 461 et

191 499 261 526 eos
277 480 354 544 qui
375 479 430 525 ad
452 478 691 524 Ecclesiam
713 478 967 543 simpliciter
984 480 1155 525 admissi
1179 481 1225 526 in
1247 483 1437 530 Ecclesia
1461 485 1567 530 dor—

190 551 379 596 mierunt
399 587 409 600 ,
449 549 504 594 ab
530 549 736 594 Ecclesiae
770 566 859 595 suae
889 551 1143 596 muneribus
1177 568 1266 597 non
1299 570 1510 616 separare.
1538 579 1553 595 υ

190 622 303 665 Bene
321 620 498 684 quidem
523 620 832 682 praesumpsit,
857 621 979 683 quod
1010 621 1198 667 charitas
1225 623 1401 669 unitatis
1426 636 1569 688 posset

190 691 413 753 cooperire
438 688 765 734 multitudinem
793 701 1091 753 peccatorum.
1122 692 1253 748 Quod
1283 694 1316 738 si
1340 693 1568 740 habebant

189 761 458 824 baptismum
473 797 483 816 ,
513 770 554 805 et
574 760 628 805 ab
651 759 720 804 his
749 777 837 805 non
860 772 975 806 recte
1005 762 1270 811 sentiebatur
1301 764 1378 827 qui
1399 782 1468 810 eos
1488 765 1568 810 de·-

188 849 276 877 nuo
300 830 586 895 baptizandos
609 848 694 876 esse
718 832 968 888 censebant,
998 833 1043 878 id
1073 845 1266 880 erratum
1287 836 1569 898 cooperiebat

191 903 369 948 unitatis
411 902 601 947 charitas
652 901 848 964 quandiu
887 906 1023 948 inerat
1054 905 1134 950 ista
1157 942 1168 961 ,
1219 922 1308 950 non
1351 905 1568 952 diabolica

191 973 422 1028 dissensio,
450 972 542 1028 sed,
587 972 783 1017 bumana
817 974 1023 1027 tentati03
1055 974 1195 1020 donec
1219 976 1294 1031 eis,
1315 975 1428 1021 sicut
1462 975 1570 1021 dicit

192 1043 441 1105 Apostolus,
470 1042 505 1087 si
528 1041 638 1105 quid
664 1041 787 1086 aliter
814 1043 1040 1105 sapiebant
1067 1045 1279 1090 Dominus
1307 1045 1563 1092 revelaret1.

190 1113 246 1157 Et
271 1112 371 1157 ideo
391 1129 458 1157 vae
482 1113 572 1157 istis
597 1112 674 1174 qui
696 1129 774 1174 per
798 1113 1048 1173 sacrilegam
1066 1115 1366 1177 praecisionem
1388 1116 1442 1161 ab
1468 1118 1570 1162 uni-

189 1192 277 1229 tate
299 1182 505 1245 disrupti,
529 1182 561 1227 si
585 1192 624 1226 et
651 1182 771 1244 apud
792 1199 868 1227 nos
893 1194 934 1228 et
959 1186 1078 1247 apud
1101 1185 1197 1231 illos
1220 1197 1282 1231 est
1304 1187 1565 1250 baptismus,

188 1253 462 1315 rebaptizant
481 1269 490 1296 z
511 1253 696 1296 siautem
712 1253 758 1297 in
777 1252 1006 1299 Catholica
1024 1255 1111 1300 sola
1126 1267 1204 1312 est,
1226 1274 1305 1302 nec
1320 1258 1561 1320 baptizant.

191 1323 290 1368 Sive
313 1340 412 1382 ergo
439 1323 711 1385 rebaptizent
753 1322 840 1368 sive
874 1341 962 1368 non
993 1325 1243 1388 baptizent,
1269 1344 1358 1372 non
1389 1339 1488 1373 sunt
1523 1329 1569 1373 in

189 1393 365 1439 vinculo
386 1393 536 1455 pacis:
564 1392 679 1437 unde
703 1392 886 1438 cuilibet
912 1394 1095 1440 istorum
1126 1396 1295 1442 vulneri
1330 1397 1570 1442 adhibeant

189 1463 465 1510 medicinam.
486 1465 573 1508 Nos
599 1475 740 1508 autem
761 1464 795 1508 si
816 1463 870 1508 ad
893 1465 1131 1511 Ecclesiam
1148 1467 1237 1512 sine
1255 1467 1476 1530 baptismo
1494 1468 1568 1512 ad-

189 1534 420 1589 mittimus,
443 1534 488 1578 in
507 1551 555 1578 eo
579 1550 759 1579 numero
779 1551 926 1579 sumus
945 1536 1105 1598 quibus
1125 1537 1373 1600 Cyprianus
1388 1549 1570 1600 propter

191 1604 368 1649 unitatis
399 1603 641 1649 custodiam
671 1604 835 1663 ignosci
865 1622 989 1667 posse
1024 1608 1319 1669 praesumpsit.
1355 1608 1399 1652 Si
1423 1619 1569 1654 autem

193 1674 343 1736 (Sicut
363 1677 472 1734 jam,
493 1685 541 1719 ut
562 1674 765 1730 arbitror,
791 1691 837 1719 ex
855 1675 923 1720 his
948 1693 1048 1738 quae
1064 1677 1109 1722 in
1129 1678 1424 1740 superioribus
1444 1678 1569 1723 libris

189 1744 390 1800 diximus,
418 1744 693 1790 manifestum
708 1747 799 1807 est)
834 1746 962 1791 etiam
989 1747 1033 1792 in
1054 1748 1363 1798 haereticorum
1386 1766 1568 1811 perver-

191 1817 313 1861 sitate
353 1827 497 1879 potest
535 1834 620 1862 esse
651 1817 878 1862 christiani
913 1818 1122 1881 baptismi
1162 1820 1405 1879 integrita53
1435 1820 1571 1884 siqui

192 1887 463 1949 temporibus
486 1887 570 1932 illis
604 1887 1001 1950 rebaptizaverunt,
1031 1906 1109 1935 nec
1134 1901 1277 1935 tamen
1299 1891 1354 1935 ab
1392 1890 1571 1935 unitatis

192 1957 448 2020 compagine
466 1968 748 2013 recesserunt,
775 1957 923 2003 eadem
944 1957 1176 2005 dilectione
1194 1961 1314 2024 pacis
1331 1971 1571 2023 potuerunt

192 2027 244 2072 ad
270 2028 442 2072 veniam
464 2027 694 2091 pertinere,
719 2045 806 2092 qua
825 2029 1075 2090 Cyprianus
1089 2031 1217 2076 etiam
1244 2032 1332 2077 sine
1347 2032 1568 2094 baptismo

193 2097 398 2143 admissos
423 2098 477 2143 ab
511 2098 717 2144 Ecclesiae
751 2099 1005 2144 muneribus
1037 2117 1126 2145 non
1164 2101 1355 2163 potuisse
1381 2102 1570 2163 separari

194 2178 386 2214 testatur.
419 2170 555 2213 Porro
575 2169 609 2214 si
628 2186 778 2214 verum
797 2179 859 2214 est
880 2168 1000 2231 apud
1024 2169 1255 2215 haereticos
1272 2181 1312 2215 et
1325 2171 1564 2217 schismati⁴

194 2256 266 2285 cos
282 2256 367 2284 non
393 2256 478 2284 esse
500 2239 771 2302 baptismum
810 2240 993 2296 Christi,
1020 2251 1184 2303 quanto
1209 2241 1353 2286 minus
1374 2242 1570 2288 obessent

193 2310 237 2355 in
263 2311 428 2356 unitate
451 2310 602 2373 positis
623 2310 760 2356 aliena
782 2321 981 2374 peccata,
1003 2310 1035 2355 si
1055 2309 1108 2355 ad
1124 2311 1334 2356 unitatem
1354 2312 1569 2358 venienti-

193 2380 278 2425 bus
291 2391 332 2425 et
344 2380 434 2425 sine
452 2380 673 2443 baptismo
687 2380 880 2426 admissis
894 2380 1162 2426 solverentur
1179 2391 1222 2426 et
1240 2382 1431 2445 propria.
1460 2384 1569 2429 Nam

194 2449 246 2506 si,
270 2460 373 2496 teste
394 2451 638 2513 Cypriano,
662 2451 840 2496 unitatis
860 2450 1086 2496 vinculum
1105 2462 1276 2496 tantum
1301 2451 1432 2508 valet,
1458 2470 1571 2516 quo-

195 2520 327 2567 modo
343 2531 516 2585 possent
534 2521 638 2568 laedi
659 2521 803 2568 alienis
818 2522 1025 2585 peccatis,
1049 2522 1128 2587 qui
1145 2522 1310 2572 nollent
1326 2522 1383 2571 ab
1408 2525 1571 2574 unitate

243 2606 256 2655 f
274 2604 395 2653 Philip.
414 2618 468 2649 111,
490 2609 541 2642 15.
