1894 3154
587 292 640 322 DE
676 291 928 331 TRINITATE,
971 292 1055 320 [ΑΒ.
1099 292 1188 322 XIV.
1518 286 1571 329 js}

209 370 285 399 suo
300 390 310 409 ‚
335 364 418 400 nec
431 354 484 400 de
503 354 574 400 illa
594 372 694 401 suus
714 356 925 402 formetur
949 355 1128 400 obtutus
1147 392 1156 409 ‚
1185 355 1257 401 sed
1285 367 1424 404 tamen
1445 377 1572 408 nove-

208 425 265 470 rit
285 442 326 470 se
351 435 555 488 tanquam
577 426 671 490 ipsa
696 427 750 472 sit
767 427 850 472 sibi
866 426 1071 472 memoria
1089 425 1168 472 sui.
1196 426 1318 472 Sicut
1338 429 1573 478 multarum

208 493 537 558 disciplinarum
561 497 726 560 peritus
748 515 796 542 ea
822 514 920 560 quae
942 496 1089 551 novit,
1117 499 1206 555 ejus
1229 500 1435 544 memoria
1465 519 1575 547 con-

206 565 397 610 tinentur
413 602 423 618 ,
451 583 530 612 nec
547 577 608 612 est
627 567 726 612 inde
754 566 917 630 aliquid
938 566 983 611 in
1013 576 1248 628 conspectu
1280 569 1433 614 mentis
1457 575 1569 631 ejus,

204 634 285 680 nisi
304 635 418 681 unde
438 637 628 697 cogitat;
660 648 815 683 caetera
835 638 880 682 in
907 653 1063 682 arcana
1096 637 1286 698 quadam
1310 640 1462 686 notitia
1477 654 1576 688 sunt

207 705 456 761 recondita,
500 725 601 771 quae
634 707 840 753 memoria
871 717 1167 770 nuncupatur.
1207 707 1310 752 Ideo
1340 710 1575 759 trinitatem

208 775 268 821 sic
292 777 730 833 commendabamus,
758 787 806 822 ut
835 777 945 822 illud
972 776 1085 821 unde
1115 776 1329 823 formatur
1349 781 1577 839 cogitantis

209 846 417 902 obtutus,
453 847 496 891 in
533 849 737 893 memoria
768 863 1054 910 poneremus3
1086 846 1227 908 ipsam
1262 865 1363 893 vero
1401 852 1577 897 confor-

208 916 438 962 mationem
460 954 470 972 ‚
493 928 698 980 tanquam
722 917 952 976 imaginem
975 932 1073 977 quae
1092 915 1192 960 iude
1217 916 1513 979 imprimitur3
1538 933 1579 968 et

208 985 317 1031 illud
341 1003 428 1048 quo
459 998 692 1050 utrumque
717 986 1021 1046 conjungitur,
1051 1002 1236 1030 amorem
1269 1004 1342 1033 seu
1375 990 1579 1038 volunta—

209 1066 309 1102 tem.
341 1057 460 1102 Mens
479 1057 610 1116 igitur
632 1056 809 1120 quando
829 1055 1090 1115 cogitatione
1113 1072 1155 1100 se
1173 1057 1416 1120 conspicit,
1448 1061 1579 1108 intel-

208 1126 303 1186 ligit
330 1144 370 1172 se
389 1137 431 1172 et
451 1128 719 1187 recognoscit
743 1145 752 1172 :
780 1127 916 1187 gignit
939 1143 1037 1186 ergo
1068 1126 1191 1171 hunc
1216 1126 1480 1176 intellectum
1500 1169 1511 1188 ,
1539 1145 1580 1180 et

210 1197 498 1256 cognitionem
538 1215 672 1245 suam.
728 1199 814 1243 Res
856 1198 1021 1260 quippe
1066 1197 1322 1259 incorporea
1363 1200 1580 1250 intellecta

210 1268 493 1330 conspicitur,
509 1279 549 1313 et
565 1267 844 1327 intelligendo
865 1266 1154 1326 cognoscitur.
1184 1267 1274 1313 Nec
1293 1268 1351 1314 ita
1372 1286 1472 1317 sane
1492 1273 1581 1333 gig-

209 1338 274 1382 nit
291 1337 418 1382 istam
442 1338 639 1384 notitiam
661 1355 781 1383 suam
817 1355 937 1383 mens
953 1375 962 1393 ‚
992 1336 1170 1399 quando
1193 1338 1424 1397 cogitando
1456 1342 1582 1389 intel-

210 1407 363 1453 lectam
385 1426 426 1453 se
452 1409 666 1472 conspicit
684 1447 694 1465 ,
720 1420 928 1472 tanquam
949 1408 1032 1453 sibi
1052 1418 1150 1452 ante
1174 1408 1396 1468 incognita
1417 1412 1547 1459 fuerit
1567 1433 1577 1460 ε

211 1478 285 1523 sed
311 1478 370 1523 ita
403 1479 486 1524 sibi
526 1490 627 1524 nota
660 1490 782 1534 erat,
823 1477 1193 1542 quemadmodum
1234 1489 1350 1525 notae
1389 1494 1488 1528 sunt
1519 1502 1584 1531 res

211 1565 311 1610 quae
330 1549 535 1594 memoria
554 1550 832 1595 continentur
845 1587 855 1604 ‚
878 1549 1005 1594 etiam
1023 1548 1056 1592 si
1073 1565 1160 1593 non
1177 1549 1419 1608 cogitentur
1441 1571 1451 1597 :
1476 1571 1582 1617 quo-

212 1617 328 1663 niam
348 1617 535 1664 dicimus
558 1620 780 1664 hominem
805 1635 925 1663 nosse
942 1618 1103 1663 litteras
1121 1654 1131 1672 ‚
1152 1619 1278 1663 etiam
1301 1637 1402 1666 cum
1419 1622 1472 1667 de
1493 1624 1584 1670 aliis

211 1687 367 1742 rebus,
393 1705 478 1732 non
504 1688 557 1733 de
578 1688 730 1734 litteris
756 1689 929 1747 cogitat.
959 1688 1068 1733 Haec
1090 1698 1232 1733 autem
1260 1689 1348 1735 duo
1366 1727 1376 1746 ‚
1408 1693 1583 1752 gignens

213 1768 254 1803 et
274 1758 461 1817 genitum
482 1796 492 1814 ‚
519 1759 749 1804 dilectione
784 1760 909 1804 tertia
941 1758 1232 1820 copulantur,
1259 1777 1358 1822 quae
1389 1763 1502 1809 nihil
1524 1776 1585 1810 est

215 1828 332 1873 aliud
357 1846 487 1891 quam
510 1829 709 1874 voluntas
730 1829 965 1874 fruendum
999 1828 1162 1891 aliquid
1201 1841 1407 1893 appetens
1428 1834 1496 1880 vel
1520 1846 1586 1881 te-

214 1916 331 1945 nens.
361 1899 547 1962 ideoque
577 1900 702 1946 etiam
738 1900 821 1945 illis
844 1899 983 1944 tribus
1009 1899 1257 1944 nominibus
1280 1901 1586 1951 insinuandam

215 1969 367 2014 mentis
403 1970 653 2032 putavimus
697 1971 929 2015 trinitatem
954 2006 964 2023 ‚
1008 1970 1235 2026 memoria,
1275 1971 1555 2033 intelligentia
1570 2013 1582 2033 ,

214 2039 449 2087 voluntate.

282 2111 358 2156 IX.
391 2110 473 2156 Sed
493 2111 697 2174 quoniam
718 2121 900 2155 mentem
921 2127 1088 2172 semper
1107 2110 1172 2155 sui
1193 2113 1454 2171 meminisse,
1479 2133 1585 2162 sem-

214 2197 378 2243 perque
403 2198 444 2226 se
465 2181 603 2243 ipsam
627 2180 860 2239 intelligere
885 2190 927 2224 et
947 2197 1089 2224 amare
1105 2216 1115 2233 ,
1142 2181 1341 2243 quamvis
1365 2200 1453 2229 non
1471 2203 1586 2231 sem—

215 2267 295 2313 per
314 2267 355 2295 se
375 2251 562 2309 cogitare
582 2250 810 2296 discretam
834 2250 889 2294 ab
915 2249 972 2294 eis
998 2266 1098 2312 quae
1123 2266 1209 2294 non
1235 2262 1335 2296 sunt
1355 2254 1474 2316 quod
1492 2255 1587 2319 ipsa

216 2331 298 2377 est,
326 2321 438 2366 circa
457 2321 646 2380 ejusdem
673 2321 775 2366 libri
801 2320 958 2365 decimi
976 2320 1103 2364 finem
1135 2319 1318 2366 diximus
1342 2340 1352 2366 ε
1380 2341 1588 2386 quaeren-

217 2390 323 2436 dum
347 2401 409 2436 est
428 2408 620 2453 quonam
641 2390 771 2436 modo
802 2390 855 2435 ad
887 2390 1191 2448 cogitationem
1220 2392 1435 2453 pertineat
1457 2395 1588 2442 intel—

216 2460 378 2514 lectus3
404 2462 557 2507 notitia
580 2479 680 2507 vero
701 2465 910 2522 cujusque
927 2460 1014 2515 rei,
1038 2477 1136 2523 quae
1158 2461 1267 2506 inest
1290 2464 1440 2518 menti,
1460 2467 1584 2512 etiam

217 2531 393 2595 quando
415 2549 500 2577 non
521 2533 573 2578 de
597 2533 689 2595 ipsa
713 2531 929 2590 cogitatur
944 2567 953 2585 ,
991 2531 1044 2575 ad
1068 2531 1202 2577 solam
1228 2531 1398 2578 dicatur
1420 2552 1589 2582 memo—

218 2602 324 2647 riam
359 2603 582 2665 pertinere.
623 2603 667 2647 Si
690 2602 802 2647 enim
836 2602 922 2647 hoc
952 2601 1009 2647 ita
1033 2613 1095 2648 est
1114 2639 1124 2658 ‚
1156 2618 1242 2647 non
1275 2603 1467 2651 habebat
1494 2607 1588 2653 haec
