1894 3154
301 219 391 252 220
722 221 756 251 S.
799 221 1041 252 AUGUSTINI
1080 221 1283 253 EPISCOPI

300 296 513 331 terrarum
541 284 932 331 damnaveramus:
961 303 1077 332 nunc
1105 297 1245 332 antem
1271 285 1406 346 rogati
1426 285 1672 331 misericor-

305 356 418 402 diter
451 356 763 413 concessimus,
815 367 863 402 ut
899 374 968 402 eos
1007 357 1080 403 tali
1121 356 1305 403 coneilio
1344 356 1671 412 damnaremus,

302 424 423 490 quali
453 425 786 473 Maximianistas
816 425 1145 483 damnavimus,
1183 443 1371 491 quorum
1405 427 1672 490 baptismum

305 513 393 543 non
428 496 674 559 repetimus
717 496 837 553 Quid
863 514 961 557 ergo
993 515 1195 558 magnum
1220 509 1304 554 est,
1335 498 1441 561 quid
1473 497 1672 553 difficile,

306 576 512 629 praestare
536 566 740 611 omnibus
760 567 960 625 gentibus
980 578 1144 613 tantam
1175 568 1468 627 dignationem
1493 568 1678 613 damna-

309 635 465 680 tionis?
501 636 567 680 An
603 635 754 680 iterare
782 637 1050 700 baptismum
1087 637 1206 683 orbis
1236 648 1445 683 terrarum
1470 637 1601 693 licet,
1638 646 1681 682 et

308 708 462 755 iterare
493 706 817 753 damnationem
853 710 971 754 orbis
1006 720 1214 755 terrarum
1252 727 1340 755 non
1374 710 1503 755 licet‘)
1538 709 1681 754 Etiam

309 777 415 823 hinc
439 778 577 824 securi
601 779 707 834 sint,
729 797 815 825 non
842 780 1109 826 inveniemus
1128 797 1216 844 quo
1242 780 1427 826 concilio
1453 790 1516 825 tot
1540 789 1684 839 gentes

313 848 647 912 provinciasque
667 849 982 898 damnaverint.
1022 850 1245 908 Quosdam
1273 866 1437 913 paucos
1462 850 1509 896 in
1540 849 1684 897 Africa

315 918 649 973 damnaverunt,
672 937 694 964 a
709 921 871 983 quibus
889 921 1018 966 totius
1035 920 1333 981 orbisjudicio
1353 920 1544 983 suparati
1561 929 1683 971 sunt3

313 1005 392 1034 nec
419 988 509 1034 ausi
528 1000 628 1034 sunt
651 1001 798 1052 postea
817 990 1022 1037 damnare
1042 991 1212 1050 judices
1237 990 1354 1053 apud
1373 1007 1482 1052 quos
1498 989 1687 1053 superati

316 1068 416 1104 sunt
448 1075 459 1103 ε
501 1058 608 1121 quid
656 1060 771 1105 enim
808 1072 913 1106 esset
955 1061 1277 1124 impudentiUS,
1324 1060 1431 1123 quid
1469 1059 1689 1105 insanius?

319 1128 460 1174 Multo
481 1129 621 1174 minus
645 1129 851 1176 damnare
874 1141 1111 1194 potuerunt
1134 1131 1262 1176 etiam
1294 1131 1339 1176 in
1367 1129 1533 1175 caeteris
1558 1139 1692 1174 terra-

319 1215 417 1244 rum
447 1199 645 1261 partibus
677 1202 959 1257 constitutos,
995 1202 1069 1266 qui
1112 1202 1244 1261 magis
1281 1200 1440 1246 talibus
1466 1199 1693 1260 judicibus

320 1266 618 1314 ecclesiasticis
651 1270 853 1327 credere,
891 1288 1024 1334 quam
1060 1271 1185 1317 victis
1220 1270 1513 1330 litigatoribus
1541 1268 1695 1315 volue-

323 1348 438 1384 runt.
470 1338 525 1383 Et
552 1349 694 1385 tamen
721 1341 1161 1397 maximianistarum,
1189 1358 1298 1404 quos
1331 1341 1512 1386 trecenti
1547 1337 1695 1395 decem

327 1408 570 1454 Donatistae
594 1410 816 1469 Baga‘iensi
856 1412 1042 1457 concilio
1078 1411 1417 1466 damnaverunt,
1455 1409 1698 1473 baptismus

325 1479 600 1538 agnoscitur,
625 1492 903 1543 acceptatur,
939 1482 1183 1528 admittitur
1206 1500 1216 1526 ε
1249 1482 1366 1526 orbis
1390 1491 1531 1526 autem
1560 1490 1698 1525 terra-

327 1565 425 1594 rum
444 1585 455 1605 ,
482 1566 560 1611 per
577 1567 706 1614 quem
730 1551 963 1597 haereditas
985 1552 1148 1598 Christi
1168 1552 1228 1597 sic
1245 1551 1436 1597 exhibita
1455 1561 1516 1595 est
1537 1560 1585 1607 ut
1600 1565 1700 1612 pro-

327 1619 452 1664 missa
476 1629 559 1675 est,
578 1620 623 1666 in
644 1638 728 1684 qua
748 1632 789 1666 et
809 1622 893 1685 ipsi
917 1634 1012 1668 ante
1029 1639 1192 1686 paucos
1213 1639 1346 1667 annos
1358 1620 1549 1675 fuerunt,
1569 1636 1701 1683 quem

332 1688 453 1734 nullo
477 1692 575 1748 jure
607 1690 816 1738 damnare
839 1704 1100 1756 potuerunt,
1135 1703 1176 1738 et
1201 1692 1319 1737 nulla
1345 1691 1494 1736 saltem
1529 1688 1704 1735 concilii

332 1759 610 1821 perversitate
635 1760 924 1819 damnarunt,
958 1764 1201 1826 baptismus
1231 1762 1532 1824 improbatur,
1562 1757 1704 1804 exsuf-

333 1827 487 1884 ssatur,
508 1830 701 1878 iteratur.
726 1833 765 1879 Ο
785 1843 931 1879 sancta
952 1833 1173 1878 damnatio
1188 1869 1198 1888 ‚
1220 1848 1351 1895 quam
1377 1828 1706 1876 Maximianistae

334 1910 611 1954 meruerunt3
632 1912 673 1946 et
689 1902 905 1948 laboriosa
940 1903 1187 1948 innocentia
1213 1902 1405 1961 gentium
1423 1938 1433 1956 ,
1464 1916 1564 1963 quae
1588 1898 1706 1961 apud

333 1966 430 2013 illos
459 1981 687 2033 propterea
716 1972 1016 2019 Christianum
1047 1990 1205 2018 nomen
1238 1971 1407 2026 amisit,
1447 1970 1550 2033 quia
1578 1968 1707 2014 talem

337 2036 627 2085 damnationis
642 2041 789 2088 locum
808 2043 997 2088 invenire
1014 2060 1099 2088 non
1127 2042 1283 2105 potuit.

404 2109 548 2157 XXlI.
581 2110 628 2156 Si
652 2123 795 2157 autem
818 2113 879 2159 illi
900 2113 978 2158 soli
1002 2131 1024 2158 a
1049 2111 1373 2158 Maximianistis
1388 2110 1604 2156 venientes
1623 2125 1710 2154 non

340 2178 692 2242 rebaptizantur,
738 2184 814 2246 qui
848 2201 948 2229 cum
987 2184 1073 2229 suis
1110 2182 1461 2247 baptizatoribus
1501 2180 1706 2235 redeunt,

341 2250 453 2295 sicut
488 2251 533 2296 hi
572 2253 647 2315 qui
684 2270 782 2299 cum
823 2256 1082 2300 Praetextato
1117 2266 1159 2300 et
1198 2254 1413 2300 Felieiano
1450 2252 1708 2297 redierunt:

341 2320 485 2381 primo
513 2321 686 2368 videant
710 2325 1078 2387 quemadmodum
1108 2325 1297 2385 ejusdem
1327 2322 1572 2369 schismatis
1596 2322 1714 2383 bap-

320 2389 519 2436 ·tismum
551 2402 664 2438 extra
698 2411 845 2440 eorum
878 2396 1228 2441 communionem
1252 2394 1354 2439 foris
1386 2391 1610 2455 aequaliter
1633 2390 1714 2435 da-

346 2470 439 2505 tum
461 2459 503 2504 in
529 2461 620 2508 aliis
643 2466 925 2521 confirment,
960 2466 1005 2511 in
1030 2466 1123 2511 aliis
1155 2464 1394 2518 exsufflent,
1419 2463 1462 2507 in
1487 2471 1608 2524 parte
1631 2460 1713 2504 lio-

348 2542 524 2588 noi-ent,
546 2532 587 2578 in
609 2547 731 2597 parte
751 2536 925 2584 violent.
950 2538 1015 2583 lta
1039 2537 1151 2582 enim
1172 2535 1249 2581 ubi
1275 2534 1463 2588 violant,
1495 2531 1553 2576 rei
1582 2539 1679 2577 sunt
1701 2546 1712 2574 ε
