1894 3154
288 255 378 286 222
713 255 758 286 Sa
790 254 1032 285 AUGUSTINI
1069 255 1270 285 El‘tscorl

286 336 328 364 se
352 330 493 364 tamen
523 318 643 364 nulla
672 319 888 381 corporali
912 318 1201 381 diremptione
1228 318 1502 381 separaverit.
1541 318 1659 364 Dixit

286 389 429 434 David
453 407 462 433 :
493 410 512 429 «
533 389 629 434 Non
657 388 744 433 sedi
770 405 869 433 cum
889 387 1073 433 concilio
1096 389 1297 446 vanitatis
1314 425 1325 444 ,
1352 399 1393 434 et
1421 405 1520 434 cum
1545 388 1653 433 faci-

287 480 308 500 >³
325 459 488 504 norosis
515 476 601 503 non
631 457 821 503 introibo
846 475 855 501 ε
881 457 981 502 odio
1005 457 1144 502 habui
1176 458 1340 502 curiam
1371 457 1658 521 nequissimo-

287 550 308 570 »
326 546 420 574 rum
437 566 447 585 ,
477 540 519 574 et
539 546 638 573 cum
669 528 814 590 impiis
836 544 923 573 non
948 526 1149 573 sedebo1.
1176 548 1196 568 »
1217 530 1379 587 Legant
1395 528 1543 591 quales
1566 527 1657 590 ipse

288 600 557 661 temporibus
581 598 665 643 suis
695 598 739 642 iu
767 598 841 643 illo
875 597 1041 660 populo
1071 597 1297 652 toleravit,
1331 598 1409 660 qui
1443 597 1658 642 unctionis

287 669 469 730 mystico
497 678 763 713 sacramento
795 678 961 712 tantum
987 667 1197 712 honorem
1230 667 1416 723 detulit,
1445 678 1491 712 ut
1507 667 1554 712 id
1578 684 1658 712 nec

284 739 328 783 in
351 738 670 783 sceleratissimo
695 737 822 783 Saule
841 747 1162 791 contemneret3
1183 737 1270 782 imo
1294 748 1463 782 tantum
1482 754 1658 783 venera-

284 819 425 865 retur,
453 819 502 854 ut
539 807 724 871 amplius
758 809 935 853 omnino
959 825 1046 853 non
1073 818 1227 871 posset.
1274 809 1425 853 Nonne
1448 807 1483 852 si
1507 824 1657 853 eorum

285 880 419 925 verba
446 879 570 925 factis
604 895 750 924 eorum
784 879 1095 938 objiceremus,
1134 878 1443 942 responderent
1477 878 1604 923 nobis
1643 895 1654 922 z

287 950 375 995 Nos
397 949 525 1012 plane
548 965 647 994 cum
673 947 833 993 talibus
858 948 1028 994 nullum
1052 949 1290 994 habuimus
1316 950 1360 994 in
1392 948 1523 994 corde
1549 965 1659 993 con-

287 1020 489 1075 sortium,
521 1035 601 1065 nec
632 1019 912 1079 tangebamus
937 1019 1217 1064 immundum
1246 1019 1324 1064 ubi
1359 1017 1503 1082 potest
1531 1018 1659 1064 coin-

287 1090 459 1153 quinari
482 1099 731 1144 contactus,
754 1088 799 1133 id
823 1099 908 1145 est,
932 1090 1209 1134 consensione
1228 1099 1356 1151 atque
1375 1089 1538 1151 placito
1556 1105 1658 1133 con-

286 1159 475 1205 scientiae
494 1158 821 1214 recedebamus,
841 1168 883 1203 et
903 1158 1124 1204 exibamus
1145 1159 1199 1203 ab
1220 1159 1278 1203 eis
1294 1195 1304 1213 ‚
1324 1159 1399 1221 qui
1416 1175 1504 1203 non
1520 1157 1658 1204 solum

288 1229 390 1275 talia
421 1246 507 1274 non
543 1228 810 1273 faciebamus
830 1265 840 1284 ,
880 1228 953 1273 sed
982 1245 1059 1273 nec
1095 1228 1356 1273 facientibus
1386 1227 1650 1274 tacebamus.

287 1300 362 1345 Isti
380 1310 524 1345 autem
543 1298 730 1344 seditiosi
747 1309 788 1343 et
805 1298 961 1353 insani,
986 1298 1062 1361 qui
1082 1297 1369 1343 defensionem
1389 1297 1658 1361 praecisionis

285 1387 374 1416 suae
398 1379 600 1433 quaerunt
618 1386 664 1414 ex
689 1368 873 1413 oraculis
895 1368 1240 1430 Prophetarum,
1279 1378 1471 1431 superest
1501 1378 1549 1412 ut
1571 1367 1658 1412 im-

285 1441 446 1504 pietate
472 1457 622 1485 vesana
643 1438 695 1484 de
721 1438 863 1484 verbis
889 1439 1158 1501 propheticis
1181 1456 1317 1484 mores
1337 1448 1521 1498 arguant
1548 1438 1655 1482 Pro-

285 1511 532 1574 phetarum.
571 1511 638 1555 An
660 1509 747 1553 hoc
775 1508 936 1554 dicturi
968 1519 1089 1565 sunt,
1123 1509 1242 1571 quod
1270 1509 1354 1554 illis
1384 1507 1657 1571 temporibus

286 1580 481 1626 recedere
497 1579 623 1639 justis
647 1597 668 1623 a
688 1578 800 1623 malo
818 1578 984 1641 populo
1004 1596 1091 1624 non
1108 1578 1267 1624 licebat
1284 1615 1293 1635 ‚
1321 1579 1411 1624 istis
1428 1595 1528 1624 vero
1550 1587 1655 1622 tem-

283 1650 467 1713 poribus
490 1649 620 1695 licet‘?
647 1647 765 1704 Quid
790 1647 878 1693 dici
905 1649 1146 1711 perversius
1169 1659 1333 1712 potest,
1368 1648 1441 1694 illo
1463 1659 1655 1710 tempore

284 1739 371 1766 11011
389 1720 576 1784 potuisse
598 1720 738 1765 bonos
756 1737 778 1764 a
799 1718 921 1764 malis
941 1720 1224 1783 corporaliter
1245 1720 1456 1783 separari,
1477 1718 1654 1782 quando

282 1791 418 1837 multa
460 1801 724 1836 sacramenta
768 1790 1052 1853 corporaliter
1093 1791 1313 1836 observari
1360 1789 1652 1842 videbantur3

282 1878 400 1907 nunc
432 1872 574 1906 autem
601 1861 881 1905 necessariam
912 1877 996 1905 esse
1020 1861 1291 1923 corporalem
1310 1859 1649 1923 separationem,

282 1930 459 1994 quando
479 1935 567 1990 jam
586 1930 659 1975 illa
685 1929 935 1992 spiritaliter
958 1930 1269 1976 observantur?

344 2001 503 2047 XXIV.
544 2000 621 2045 Vae
656 1999 782 2044 caecis
816 1999 1077 2045 ducentibus
1113 2011 1154 2045 et
1190 2000 1316 2046 caecis
1354 1999 1643 2062 sequentibus.

279 2072 427 2116 Ita-ne
446 2088 533 2116 11011
554 2070 706 2115 timent
732 2070 808 2115 ista
833 2069 1021 2115 dicentes
1039 2107 1049 2125 ,
1077 2089 1129 2116 ne
1144 2070 1253 2116 forte
1272 2088 1349 2133 per
1368 2081 1530 2115 tantam
1546 2069 1646 2114 lati·

277 2141 473 2187 tudinem
498 2141 614 2186 orbis
638 2151 847 2186 terrarum
864 2177 874 2196 ,
894 2157 980 2204 qua
999 2141 1104 2186 fides
1123 2142 1287 2187 Christi
1308 2157 1550 2203 nomenque
1567 2139 1648 2184 dif-

275 2212 418 2258 fusum
445 2223 529 2267 est,
566 2222 795 2273 antequam
825 2229 865 2256 se
890 2211 958 2256 isti
982 2223 1253 2274 separarent,
1286 2212 1330 2256 in
1359 2211 1500 2274 aliqua
1524 2221 1647 2273 parte

275 2293 487 2327 terrarum
519 2282 573 2327 ab
606 2281 820 2326 Africanis
852 2282 1100 2341 regionibus
1130 2281 1410 2327 remotissima
1439 2284 1529 2340 jam
1563 2280 1648 2325 hoc

270 2352 376 2412 jttsti
412 2352 612 2408 fecerint,
651 2362 692 2396 ct
730 2351 875 2397 adhuc
911 2352 980 2396 isti
1012 2352 1054 2396 111
1085 2352 1400 2407 immunditiae,
1428 2367 1559 2413 quam
1583 2350 1648 2395 illi

275 2423 498 2482 fugerant,
536 2421 791 2481 contagione
830 2421 1060 2467 vivebant?
1107 2421 1216 2478 Quis
1254 2421 1369 2467 enim
1403 2420 1460 2465 eis
1494 2430 1643 2477 cavet,

274 2494 370 2557 quis
393 2510 462 2538 eos
480 2510 648 2538 securos
666 2491 794 2548 facit,
822 2492 855 2538 si
878 2491 1132 2552 hujusmodi
1160 2510 1183 2539 a
1200 2491 1320 2539 malis
1341 2490 1554 2554 separatio
1574 2489 1643 2536 fa-

318 2575 329 2599 1
353 2576 436 2609 Psal.
454 2586 528 2615 xxv,
550 2582 581 2612 4.
