1894 3154
305 239 360 269 DE
399 237 619 268 BAPTISMO
655 237 831 268 CONTRA
866 237 1159 278 DONATISTAS,
1200 239 1286 269 Llss.
1331 240 1398 271 111.
1475 225 1563 288 293

192 303 399 349 Ecclesiae·
420 303 640 366 baptismo
659 301 957 357 admittendis,
980 319 1106 347 nemo
1124 303 1480 350 consuetudinem
1503 324 1569 352 ra-

192 375 298 420 tioni
321 386 364 419 et
388 374 558 420 veritati
587 383 840 436 praeponam
874 373 977 436 quia
1007 373 1361 419 consuetudinem
1391 378 1501 422 ratio
1529 388 1572 423 et

190 445 344 490 veritas
363 460 531 505 semper
553 442 754 488 excludit.
777 463 798 484 »
818 442 862 488 Si
883 443 1010 499 ratio,
1032 443 1065 487 si
1087 444 1259 499 veritas,
1282 445 1472 507 optime:
1495 447 1570 491 sed

191 514 277 559 1106
295 530 392 558 mox
416 513 661 559 videbimus
677 549 689 569 ,
717 512 891 558 interim
911 512 1038 558 aliam
1061 512 1188 558 fuisse
1211 514 1568 562 consuetudinem

190 584 316 629 etiam
338 583 481 630 verbis
506 583 642 643 hujus
668 595 862 647 apparet.

255 654 358 700 ΧΠ.
403 655 512 699 Item
542 654 792 699 Honoratus
814 671 836 699 a
860 654 1010 699 Tucca
1034 653 1140 699 dixit
1160 671 1171 699 :
1195 674 1214 695 «
1234 657 1346 700 Cum
1368 654 1569 702 Christus

188 725 342 769 veritas
371 723 451 780 sit,
486 724 620 783 magis
653 724 877 770 veritatem
910 740 1044 787 quam
1078 724 1436 791 consuetudinem
1451 727 1571 790 sequi

187 793 412 840 debemus.
442 815 462 835 »
492 794 571 840 His
589 795 793 840 omnibus
825 794 1046 841 sententiis
1068 794 1317 841 declaratur
1345 814 1434 842 11011
1454 808 1570 843 extra

188 864 392 911 Ecclesiae
412 866 762 911 communionem
784 883 859 911 nos
878 882 964 911 esse
985 866 1241 911 constitutos
1256 902 1268 921 ,
1291 866 1429 913 donec
1450 868 1570 914 veri-

188 945 273 991 tas,
304 952 436 998 quam
453 935 607 981 dicunt
635 936 741 981 huic
761 935 1066 982 consuetudini
1089 953 1174 981 esse
1194 936 1536 999 praeponendam
1553 975 1565 996 ‚

184 1004 354 1067 liquido
374 1005 565 1052 eluxerit.
594 1005 639 1050 Si
667 1016 809 1051 autem
831 1006 988 1051 veritas
1011 1005 1055 1050 id
1078 1007 1250 1068 aperuit
1273 1022 1359 1051 esse
1382 1006 1567 1052 retinen-

186 1074 290 1120 dum
308 1111 319 1131 ‚
349 1075 468 1138 quod
503 1075 575 1120 illa
605 1075 872 1122 consuetudo
896 1075 1253 1139 praescripseram
1290 1076 1567 1123 manifestum

185 1144 266 1189 erit
283 1182 294 1200 ,
323 1162 403 1190 nec
422 1145 540 1190 illam
558 1144 718 1191 frustra
735 1145 863 1191 fuisse
881 1145 1123 1190 institutam
1146 1155 1273 1208 atque
1291 1145 1538 1191 roboratam
1554 1184 1565 1202 ‚

184 1226 226 1260 et
251 1215 496 1275 vigilantius
520 1217 648 1261 etiam
671 1227 772 1279 post
795 1217 894 1262 istas
927 1215 1244 1278 disputationes
1279 1215 1387 1260 tanti
1426 1233 1565 1263 sacra-

184 1285 317 1330 menti
342 1284 675 1331 saluberrimam
696 1286 1041 1332 observationem
1062 1285 1107 1329 in
1132 1285 1324 1330 Ecclesia
1349 1286 1566 1332 catholica

183 1372 272 1400 non
289 1355 480 1419 potuisse
497 1355 682 1412 mutari,
710 1356 783 1402 sed
805 1355 1090 1402 conciliorum
1105 1355 1235 1400 etiam
1246 1355 1400 1415 maj0ri
1409 1357 1565 1403 robore

184 1426 488 1471 confirmatam
512 1426 825 1486 religiosissime
846 1425 1069 1472 custodiri.

248 1496 375 1541 XllI.
419 1495 584 1541 Scribit
619 1512 718 1555 ergo
755 1496 808 1541 ad
842 1495 1108 1541 Jubaianum
1146 1496 1420 1559 Cyprianus,
1457 1518 1477 1540 c<
1499 1499 1564 1545 De

182 1565 492 1612 haereticorum
526 1566 771 1629 baptismo,
803 1567 878 1631 qui
904 1565 1110 1612 videntur
1139 1567 1176 1611 ei
1211 1566 1315 1612 foris
1341 1568 1494 1630 positi,
1521 1580 1564 1615 et

183 1647 298 1681 extra
323 1635 560 1681 Ecclesiam
594 1636 842 1693 constituti,
875 1635 1099 1683 vindicare
1119 1636 1201 1681 sibi
1224 1653 1312 1681 rem
1329 1674 1339 1691 ‚
1361 1655 1441 1683 nec
1455 1639 1565 1698 juris

183 1709 274 1764 sui,
302 1724 381 1752 1166
403 1707 630 1770 potestatis
643 1744 655 1764 ‚
682 1708 803 1771 quod
822 1725 899 1753 nos
916 1745 928 1764 ‚
946 1707 1090 1770 inquit
1106 1744 1117 1763 ‚
1143 1724 1222 1753 nec
1245 1718 1387 1754 ratum
1412 1727 1565 1772 possu-

182 1795 279 1824 mus
309 1795 388 1824 nec
424 1778 663 1837 legitimum
693 1790 875 1841 putare,
913 1776 1090 1841 quando
1127 1777 1214 1823 1106
1238 1778 1357 1840 apud
1386 1796 1456 1825 eos
1478 1797 1564 1826 esse

184 1858 352 1894 constet
373 1847 591 1894 illicitum.
617 1869 636 1889 >2
663 1848 752 1894 Nec
767 1866 843 1893 nos
861 1847 1097 1893 abnuimus
1118 1863 1215 1892 eum
1236 1848 1312 1911 qui
1335 1849 1453 1911 apud
1472 1850 1564 1896 hae-

183 1918 339 1964 reticos
363 1917 429 1964 vel
447 1919 492 1963 in
517 1918 663 1980 aliquo
687 1918 918 1963 schismate
941 1927 1058 1962 extra
1089 1919 1440 1964 communionem
1471 1921 1563 1966 Ec-

183 1988 322 2034 clesiae
338 1988 603 2051 baptizatm,
622 2005 710 2033 11011
731 1988 769 2033 61
787 1987 1020 2051 prodesse
1008 2004 1053 2031 111
1075 1997 1294 2064 quantum
1327 1987 1564 2036 1136161160-

183 2076 280 2104 rum
305 2068 346 2103 et
368 2057 747 2103 schismaticorum
769 2057 1039 2121 perversitati
1075 2057 1324 2110 consentit3
1359 2075 1438 2104 nec
1469 2059 1566 2106 illos

182 2129 259 2193 qui
276 2129 533 2191 baptizant,
573 2127 771 2191 quamvis
796 2127 940 2190 ipsum
972 2136 1014 2171 et
1042 2142 1194 2172 verum
1221 2125 1324 2172 dent
1355 2127 1564 2191 baptismi

183 2209 521 2253 sacramentum,
542 2207 656 2243 recte
678 2207 819 2243 tamen
839 2196 1007 2252 ficere
1031 2206 1146 2241 extra
1172 2196 1408 2242 Ecclesiam
1434 2198 1562 2245 colli-

184 2286 279 2329 gere
296 2306 307 2325 ,
335 2279 376 2314 et
398 2278 547 2314 contra
574 2267 811 2313 Ecclesiam
832 2266 1002 2312 sentire.
1031 2265 1116 2311 Sed
1141 2264 1259 2311 aliud
1279 2277 1342 2312 est
1364 2284 1452 2313 non
1475 2269 1561 2314 ha-

181 2340 285 2385 bere
306 2338 471 2402 aliquid
486 2375 498 2394 ,
524 2336 643 2383 aliud
666 2354 755 2382 non
775 2341 873 2396 jure
894 2336 1057 2381 habere
1075 2334 1141 2381 vel
1161 2334 1310 2382 illicite
1331 2353 1555 2401 usurpare.

184 2411 284 2456 Non
310 2410 456 2472 itaque
485 2408 583 2454 ideo
606 2423 695 2454 non
717 2418 818 2453 sunt
840 2416 1107 2452 sacramenta
1144 2406 1307 2452 Christi
1339 2418 1382 2453 et
1408 2409 1563 2456 Eccle-

184 2482 280 2538 siae,
318 2480 422 2544 quia
454 2479 511 2526 eis
533 2479 684 2525 illicite
716 2488 919 2535 utuntur,
946 2494 1034 2523 non
1058 2477 1256 2524 haeretici
1287 2477 1449 2536 solum,
1489 2482 1563 2528 sed

184 2552 314 2599 etiam
341 2567 487 2599 omnes
521 2550 661 2613 iniqui
693 2559 735 2599 et
765 2550 906 2612 impii.
948 2548 1033 2598 Sed
1056 2559 1200 2597 tamen
1228 2549 1292 2600 illi
1319 2550 1564 2614 corrigendi

152 2666 179 2680 m
