1894 3154
286 223 376 272 29*
705 226 740 254 s.
787 224 1025 254 At‘Gt'sTINI
1064 224 1266 255 Eriscm‘l

280 311 301 334 ›>
321 290 390 336 sed
412 291 530 354 quasi
551 289 816 343 carnalibus,
834 289 955 352 quasi
971 289 1162 352 parvulis
1177 290 1223 335 in
1243 289 1420 336 Christo
1439 289 1508 335 lac
1534 290 1656 335 vobis

282 371 477 424 »potum
502 359 626 415 dedi,
652 377 738 405 non
764 376 919 405 escam.
950 359 1154 405 Nondum
1180 361 1291 405 enim
1323 360 1552 423 poteratis,
1583 359 1657 404 sed

284 451 304 471 ³>
325 447 403 476 nec
422 429 567 477 adhuc
593 428 768 492 quidem
803 429 1008 491 potestis:
1037 429 1183 475 adhuc
1219 430 1334 475 enim
1367 430 1464 475 estis
1500 446 1657 487 carna-

281 520 302 541 »
321 498 423 546 les4.
444 498 602 543 »Tales
618 498 743 543 etiam
763 498 1129 544 circumferuntur
1145 499 1263 544 omni
1283 509 1409 544 vento
1425 498 1654 552 doctrinae‚

284 568 337 615 de
355 568 556 632 qualibus
571 568 675 613 dicit
699 585 708 612 :
731 589 748 608 <‹
764 566 822 612 Ut
840 567 950 613 ultra
970 585 1056 613 non
1069 569 1200 613 simus
1220 568 1393 631 parvuli
1413 605 1423 624 ,
1445 568 1662 627 ιῇαεῐῃῐίβῑ

285 637 562 683 »circumlati
578 637 695 682 omni
712 647 839 682 vento
860 637 1116 684 doetrinaeff.
1139 658 1158 678 »
1181 637 1406 701 Numquid
1424 654 1523 697 crgo
1538 637 1604 682 isti
1629 636 1661 681 si

285 707 546 771 profecerint
559 724 692 770 usque
707 706 759 752 ad
775 707 1012 770 spiritalem
1032 708 1222 754 bominis
1240 718 1430 763 anatem,
1447 707 1664 753 interioris

284 786 326 822 et
352 776 645 837 inteiligentiae
663 777 907 822 sinceritate
928 778 1206 837 cognoverint
1235 794 1366 841 quam
1393 777 1519 837 longe
1546 776 1665 822 aliter

284 846 584 911 perfallaciam
599 863 775 892 suorum
801 847 1157 911 phantasmatum
1183 847 1237 893 de
1257 849 1346 893 Deo
1373 846 1656 898 crediderint,

285 934 416 981 quam
444 918 599 962 veritas
626 915 908 980 postulabat,
944 917 1098 963 iterum
1135 917 1389 981 baptizandi
1422 919 1552 963 sunt?
1593 917 1666 962 Sic

286 988 414 1033 etiam
443 987 532 1032 fieri
557 997 721 1049 potest,
744 998 790 1032 ut
809 988 853 1033 in
878 982 1059 1047 alicujus
1083 987 1279 1034 haeretici
1305 987 1470 1033 librum
1509 987 1668 1033 catho-

288 1057 397 1102 licus
421 1056 758 1102 catechumenus
776 1057 943 1103 incidat
963 1096 972 1113 ,
1000 1069 1041 1103 et
1058 1077 1079 1104 a
1101 1058 1280 1104 veritate
1297 1058 1488 1104 nesciens
1501 1057 1668 1103 discer-

286 1143 385 1191 nere
409 1142 595 1170 errorem
614 1162 624 1181 ‚
661 1126 809 1171 credat
845 1127 1007 1190 aliquid
1035 1140 1186 1193 contra
1216 1127 1477 1172 catholicam
1502 1126 1631 1172 fidem
1654 1145 1666 1178 ς

287 1197 358 1261 cui
380 1206 521 1240 tamen
545 1195 679 1241 errori
696 1196 827 1242 verba
849 1197 1048 1259 Symboli
1074 1215 1161 1243 non
1181 1207 1426 1262 repugnant
1447 1214 1458 1242 :
1482 1196 1564 1242 sub
1586 1197 1669 1242 eis-

287 1264 384 1310 dem
415 1265 580 1332 quippe
614 1265 756 1310 verbis
784 1265 1121 1313 innumerabiles
1156 1267 1465 1313 haereticorum
1509 1282 1670 1311 errores

286 1334 544 1379 exortisunt.
579 1335 742 1380 Putans
756 1351 854 1394 ergo
870 1336 946 1381 iste
982 1336 1188 1382 catholici
1213 1336 1396 1396 alicujus
1428 1336 1573 1396 magni
1600 1345 1671 1381 at-

287 1421 370 1468 que
394 1403 510 1449 docti
538 1421 624 1449 esse
644 1404 767 1450 illum
790 1405 972 1461 librum,
1001 1407 1033 1452 si
1059 1406 1158 1453 talia
1174 1406 1352 1453 credens
1375 1406 1420 1452 in
1439 1405 1672 1452 Catholica

287 1475 550 1537 baptizetur,
571 1486 612 1518 ct
636 1476 868 1540 posteriore
889 1475 1110 1536 diligentia
1133 1487 1366 1537 cognoscat
1383 1476 1666 1539 quemadmo-

290 1544 395 1590 dum
423 1543 595 1590 credere
619 1542 803 1599 debeat,
833 1555 961 1609 atque
992 1558 1161 1610 arrepta
1195 1542 1281 1592 fide
1306 1545 1672 1608 catholica-illud

288 1631 332 1658 ex
349 1615 491 1660 animo
509 1624 706 1678 respuat,
732 1614 947 1677 numquid
963 1616 996 1661 si
1016 1616 1101 1661 hoc
1122 1616 1338 1662 confessus
1355 1614 1504 1671 fuerit,
1523 1615 1668 1661 denuo

289 1684 579 1752 baptizandus
598 1687 692 1730 est?
722 1687 807 1730 Aut
828 1687 861 1731 si
892 1697 988 1731 aute
1013 1704 1142 1750 quam
1167 1687 1306 1733 discat
1325 1697 1367 1732 et
1391 1688 1666 1742 confiteatur,

289 1755 376 1800 hoc
400 1755 554 1801 sentire
578 1755 841 1812 inveniatur,
869 1757 1037 1821 etquid
1071 1759 1258 1818 aincere
1292 1758 1475 1814 debeat,
1511 1756 1675 1821 quidve

292 1824 463 1870 credere
481 1824 705 1880 doceatur,
730 1826 1092 1891 manifestumque
1121 1825 1195 1873 fiat
1221 1828 1263 1873 in
1292 1845 1338 1873 ea
1361 1826 1546 1872 falsitate
1572 1826 1675 1872 fidoi

293 1894 564 1957 baptizatum
584 1895 728 1950 fuisse,
747 1897 962 1958 numquid
976 1897 1118 1942 denuo
1136 1897 1428 1960 baptizandus
1445 1897 1536 1942 cst?
1554 1896 1673 1953 Quid

290 1963 380 2009 ita?
414 1963 528 2020 Quia
564 1963 635 2009 illa
685 1965 890 2010 sanctitas
925 1967 1182 2011 sacramenti
1224 1967 1366 2012 verbis
1406 1965 1675 2026 Evangelicis

287 2044 534 2079 consecrata
554 2051 684 2097 super
706 2051 802 2079 eum
822 2036 984 2095 integra
1014 2037 1246 2092 manebat,
1282 2037 1392 2082 sicut
1418 2054 1510 2082 eam
1536 2030 1673 2081 tradi-

292 2114 380 2148 tam
403 2114 656 2166 acceperat,
680 2105 876 2167 quamvis
902 2106 991 2168 ipse
1023 2107 1065 2151 in
1091 2107 1274 2152 carnalis
1305 2107 1459 2152 mentis
1487 2106 1674 2152 vanitate

291 2173 552 2217 constitutus
569 2211 578 2228 ‚
607 2173 724 2218 aliud
753 2191 851 2218 cum
874 2175 1168 2238 baptizaretur
1189 2176 1382 2221 crederet
1398 2213 1408 2232 ‚
1437 2193 1567 2239 quam
1585 2193 1676 2221 cre-

292 2242 391 2286 dere
415 2241 650 2287 debuisset.
672 2244 955 2307 Quapropter
974 2245 1244 2291 manifestum
1266 2256 1344 2297 est,
1373 2247 1462 2291 fieri
1483 2263 1607 2308 posse
1628 2256 1675 2290 ut

294 2310 379 2356 side
403 2328 489 2355 non
515 2312 676 2370 integra
699 2313 911 2372 integrum
934 2315 977 2359 in
1012 2332 1234 2377 quoquam
1264 2327 1437 2360 maneat
1461 2315 1673 2378 baptismi

295 2391 634 2425 sacramentum:
654 2392 695 2426 et
710 2382 803 2427 ideo
818 2382 888 2428 illa
901 2401 999 2447 quae
1015 2383 1067 2429 de
1081 2384 1349 2430 diversorum
1366 2385 1624 2431 haereticoru
1633 2402 1672 2429 m

293 2448 497 2493 varietate
527 2449 750 2505 dicuntur,
775 2450 827 2497 ad
852 2452 974 2498 istam
1002 2454 1280 2517 quwstionem
1315 2471 1398 2499 non
1433 2455 1665 2520 pertinent.

341 2531 349 2552 ¹
375 2542 383 2560 ι
406 2531 479 2563 Cor.
500 2541 551 2570 ur,
576 2543 585 2561 r
627 2531 820 2576 --·25·13=!12¹5
850 2545 891 2568 u.
915 2541 967 2570 if..
