1894 3154
302 281 358 313 DE
391 275 612 310 BAPr1sMo
647 260 821 309 coNrRA
857 267 1151 317 noNAr'rs'rAS‚
1190 277 1278 308 Lm.
1321 278 1381 309 1v.
1456 262 1550 319 343

175 346 295 394 facto
313 345 561 411 Apostolica
581 354 693 390 extat
715 343 966 390 auctoritas.
986 344 1132 406 Usque
1151 341 1256 388 adeo
1278 359 1403 389 nemo
1421 342 1552 390 debet

173 418 220 464 in
253 417 448 483 quolibet
486 426 698 479 provectu
730 413 945 461 interioris
982 411 1199 469 homini5‚
1239 411 1273 458 si
1303 412 1416 459 forte
1453 425 1553 460 ante

172 489 440 553 baptismum
479 503 615 550 usque
647 485 702 532 ad
734 485 972 549 spiritalem
1012 482 1280 530 intellectum
1309 483 1385 546 pio
1423 484 1554 530 corde

172 559 428 623 profecerit,
452 568 727 607 contemnere
751 567 1092 613 sacramentum,
1116 555 1237 619 quod
1255 554 1553 601 ministrorum

172 647 302 693 opere
325 629 611 693 corporaliter
635 628 874 674 adhibetur
887 665 899 684 ‚
927 626 1001 673 se'd
1019 643 1098 690 per
1117 624 1204 672 hoc
1223 627 1339 671 Deus
1359 624 1550 670 hominis

174 701 540 746 consecrationem
563 698 816 762 spiritaliter
839 694 1061 762 operatur.
1092 699 1185 743 Nec
1204 696 1261 741 ob
1293 694 1413 742 aliud
1439 696 1550 742 exis-

171 770 280 816 timo
309 787 466 815 munus
489 769 744 833 baptizandi
765 768 923 815 Joanni
944 765 1074 814 fuisse
1097 767 1386 823 attributum,
1420 766 1481 812 ita
1503 777 1553 812 ut
1572 808 1578 818 ,

169 840 192 884 J
200 841 348 886 oannis
371 841 616 904 baptismus
643 840 886 897 diceretur,
924 840 1005 885 nisi
1042 849 1090 884 ut
1114 838 1327 884 Dominus
1351 837 1442 900 ipse
1474 839 1553 901 qui

170 910 376 966 dederat,
405 928 504 956 cum
526 911 637 957 servi
659 912 931 975 baptismum
952 928 1041 956 non
1062 908 1288 973 sprevisset
1323 908 1519 970 accipere
1535 944 1548 963 ,

168 978 391 1027 dedicaret
409 979 670 1027 humilitatis
693 982 807 1028 viam
828 1019 839 1038 ‚
879 991 920 1026 et
941 979 1096 1044 quanti
1130 974 1414 1042 pendendum
1447 987 1554 1022 esset

167 1067 298 1098 suum
333 1052 554 1115 baptisma
587 1068 673 1115 quo
698 1053 791 1116 ipse
830 1052 1133 1116 baptizaturus
1172 1060 1294 1106 erat,
1334 1047 1409 1094 tali
1431 1047 1548 1094 facto

177 1122 443 1185 apertissime
470 1121 726 1169 declararet.
759 1122 947 1168 Videbat
970 1122 1084 1167 enim
1107 1131 1316 1184 tanquam
1336 1119 1550 1182 peritissi-

167 1208 265 1238 mus
295 1192 490 1238 medicus
513 1192 663 1238 salutis
698 1203 900 1247 aeternas,
930 1188 1225 1256 quorumdam
1249 1207 1338 1235 non
1368 1188 1548 1234 defutu-

166 1280 265 1308 rum
289 1273 503 1308 tumorem
530 1301 540 1318 ‚
562 1264 754 1326 quicum
776 1263 1002 1309 intellectu
1025 1261 1218 1309 veritatis
1243 1271 1284 1306 et
1306 1259 1546 1323 probabili-

164 1333 247 1379 bus
270 1334 466 1379 moribus
492 1334 551 1379 ita
588 1334 897 1397 profecissent,
937 1344 986 1379 ut
1020 1332 1169 1378 multis
1204 1331 1437 1395 baptizatis
1460 1331 1546 1378 vita

168 1415 297 1468 atque
315 1404 515 1450 doctrina
539 1423 580 1451 se
603 1419 859 1469 praeponere
884 1405 1060 1450 minime
1084 1402 1340 1449 dubitarent
1354 1439 1366 1459 a
1392 1418 1547 1465 super-

164 1492 401 1521 vacaneum
423 1476 506 1521 sibi
525 1493 610 1521 esse
631 1475 857 1521 crederent
884 1475 1124 1539 baptizari,
1147 1473 1324 1537 quando
1348 1472 1404 1518 ad
1422 1471 1546 1518 illum

164 1546 318 1591 mentis
348 1546 553 1591 habitum
588 1563 629 1591 se
660 1546 904 1609 pervenisse
927 1546 1158 1602 sentirent,
1186 1543 1241 1591 ad
1267 1557 1399 1608 quem
1419 1543 1549 1590 multi

164 1616 377 1679 baptizati
399 1612 546 1662 adhuc
572 1615 799 1662 ascendere
821 1624 1095 1663 conarentur.

227 1687 368 1734 XXX.
401 1685 521 1742 Quid
541 1697 683 1732 autem
707 1688 846 1734 valeat
870 1699 911 1734 et
935 1686 1045 1752 quid
1068 1696 1163 1746 agat
1182 1685 1228 1731 in
1248 1685 1427 1731 homine
1445 1701 1548 1731 cor-

161 1756 370 1820 poraliter
391 1756 591 1802 adhibita
619 1758 907 1804 sanctificatio
939 1755 1197 1803 sacramenti
1227 1755 1342 1817 (sine
1369 1770 1457 1819 qua
1479 1765 1549 1801 ta-

161 1841 261 1873 men
277 1827 348 1874 ille
371 1827 485 1873 latro
505 1845 594 1874 non
615 1827 726 1884 fuit,
749 1829 854 1892 quia
872 1846 962 1875 non
985 1832 1075 1888 ejus
1094 1826 1365 1890 accipiendae
1381 1826 1544 1872 volun-

161 1908 227 1944 tas
244 1897 406 1954 defuit,
432 1895 502 1944 sed
522 1915 611 1944 non
631 1899 902 1963 accipiendae
919 1899 1148 1945 necessitas
1167 1895 1348 1959 adfuit),
1371 1892 1547 1942 difficile

161 1977 225 2014 est
239 1968 381 2014 dicere
395 1967 429 2016 1.
455 1969 547 2014 Nisi
563 1980 706 2015 tamen
725 1970 968 2034 plurimum
987 1969 1149 2017 valeret
1166 2006 1177 2025 ‚
1205 1984 1294 2013 non
1313 1968 1422 2014 servi
1436 1967 1546 2031 bap-

161 2039 340 2084 tismum
377 2038 593 2085 Dominus
630 2040 879 2104 accepisset.
922 2041 1084 2087 Verum
1123 2038 1226 2102 quia
1263 2055 1343 2101 per
1372 2055 1414 2083 se
1453 2040 1548 2101 ipsa

162 2108 476 2177 consideranda
492 2120 554 2154 est
568 2147 579 2166 ,
601 2120 779 2174 excepta
802 2110 938 2156 salute
958 2109 1151 2155 hominis
1174 2108 1247 2153 cui
1265 2107 1548 2171 perficiendae

162 2178 423 2234 adhibetur,
451 2179 550 2225 satis
582 2179 749 2227 indicat
771 2180 894 2245 quod
917 2191 959 2226 et
989 2180 1035 2227 in
1066 2177 1216 2235 mali5‚
1243 2187 1285 2223 et
1316 2177 1363 2223 in
1387 2179 1446 2224 eis
1468 2179 1548 2243 qui

161 2249 323 2295 saeculo
346 2248 489 2296 verbis
506 2287 518 2307 ,
560 2267 649 2296 non
672 2250 798 2297 factis
830 2251 1083 2298 renuntiant
1098 2287 1109 2307 ,
1140 2249 1236 2313 ipsa
1265 2248 1431 2308 integra
1455 2260 1542 2305 est,

163 2334 266 2365 cum
300 2319 364 2364 illi
387 2320 470 2365 nisi
499 2321 774 2381 corrigantur
792 2359 803 2379 ,
835 2322 1017 2368 salutem
1047 2320 1212 2367 habere
1243 2336 1333 2365 non
1354 2320 1537 2383 possint.

162 2389 285 2435 Sicut
310 2401 455 2436 autern
478 2391 523 2437 in
543 2391 710 2438 latrone
727 2430 740 2452 ,
770 2393 874 2456 quia
907 2410 985 2457 per
1010 2391 1306 2438 necessitatem
1331 2401 1543 2454 corpora-

161 2458 260 2529 liter
276 2459 443 2517 defuit,
471 2462 662 2526 perfecta
685 2462 798 2509 salus
820 2474 882 2510 est
896 2500 909 2520 ,
943 2463 1046 2528 quia
1068 2479 1148 2527 per
1170 2461 1378 2526 pietatem
1405 2461 1542 2525 spiri-

161 2530 304 2578 taliter
321 2529 462 2578 adfuit
484 2548 496 2578 t
518 2533 580 2581 sic
603 2544 645 2582 et
663 2547 765 2582 cum
781 2533 875 2599 ipsa
896 2544 1058 2599 praesto
1077 2540 1168 2592 est,
1197 2532 1233 2580 si
1256 2542 1336 2597 'per
1354 2531 1541 2581 necessi-

210 2614 222 2663 ξ
240 2615 431 2661 Matth.111‚
457 2618 512 2653 ιδ.
