1894 3154
300 267 356 298 DE
393 265 613 298 BAP'rrsuo
651 264 826 296 CONTRA
861 264 1153 308 nomrrsms,
1193 267 1280 299 Lis.
1322 269 1363 301 v.
1448 252 1549 305 363-

171 333 233 394 gis
255 343 354 396 post
370 332 587 377 ebriosum
611 331 926 395 baptizandum
949 342 1028 386 est,
1053 332 1156 395 quia
1173 332 1198 376 J
1202 350 1360 379 oannes
1375 334 1546 382 sobrius

171 414 278 459 erat,
290 414 330 449 et
344 414 482 448 tamen
498 413 597 465 post
615 419 714 447 eum
731 402 1001 465 baptizatum
1011 412 1090 456 est;
1112 414 1153 448 et
1166 403 1274 466 quid
1284 405 1541 468 respondea-

171 491 267 522 mus
283 474 320 519 ei
335 510 345 529 ‚
371 490 459 517 non
473 473 757 528 habebimus,
794 472 876 518 nisi
894 472 1124 535 baptizatis
1143 491 1167 519 a
1186 474 1208 518 J
1216 491 1353 520 oanne
1376 477 1542 539 baptis-

169 561 289 590 mum
312 543 477 588 Christi
496 560 584 588 non
598 543 865 588 habentibus
876 560 961 588 esse
980 543 1210 598 traditum3
1229 544 1275 589 in
1294 545 1454 608 quibus
1467 563 1542 592 au-

171 626 256 661 tem
284 615 593 678 estbaptismus
615 614 797 671 Christi,
818 615 1089 677 quibuslibet
1107 631 1256 660 eorum
1278 617 1542 679 perversita—

169 686 287 731 tibus
301 685 423 731 nullo
448 685 578 730 modo
596 685 706 741 fieri,
726 696 774 731 ut
790 702 878 730 non
891 685 945 730 sit
959 685 1004 730 in
1027 685 1085 730 eis
1098 685 1340 748 baptismus
1357 686 1536 734 Christi.

234 757 356 802 XIX.
400 757 499 801 Non
534 756 679 819 itaque
708 755 874 801 idcirco
908 776 928 796 «
961 755 1202 800 Haereticus
1232 759 1304 815 jus
1335 756 1545 819 baptismi

171 826 365 872 obtinere
396 825 570 889 potuit,
598 827 698 888 quia
722 826 845 889 prior
869 825 1163 889 baptizavit13
1187 847 1206 867 ›>
1232 825 1306 870 sed
1334 826 1436 888 quia
1455 843 1544 871 non

170 914 246 943 suo
268 897 486 960 baptismo
508 897 748 959 baptizavit
768 914 778 941 ι
799 907 839 941 et
856 895 970 955 sijUs
988 895 1244 958 baptizandi
1257 912 1345 940 non
1359 896 1540 953 habuit,

169 978 316 1013 tamen
341 968 506 1012 Christi
528 977 590 1012 est
614 966 733 1029 quod
758 966 878 1011 dedit
895 1002 907 1022 ,
937 976 979 1011 et
1000 965 1072 1010 ille
1099 965 1264 1010 Christi
1287 976 1348 1011 est
1372 966 1449 1029 qui
1469 983 1547 1012 ac·-

171 1039 301 1101 cepit.
341 1038 481 1083 Multa
502 1038 617 1083 enim
637 1048 788 1082 contra
807 1040 879 1097 jus
899 1037 1060 1082 dantur
1076 1073 1086 1091 ‚
1104 1053 1183 1081 nec
1205 1047 1349 1082 tamen
1364 1037 1462 1082 ideo
1480 1037 1548 1085 vel

170 1108 292 1154 nulla
314 1108 381 1154 vel
408 1126 497 1154 non
521 1108 623 1153 data
647 1108 871 1154 dicuntur.
902 1109 1051 1171 Neque
1072 1107 1188 1153 enim
1211 1118 1253 1152 et
1276 1107 1347 1153 ille
1368 1108 1445 1171 qui
1463 1125 1549 1153 sae-

171 1177 270 1224 culo
289 1179 432 1225 verbis
457 1178 555 1224 solis
574 1188 616 1223 et
636 1196 724 1224 non
741 1179 866 1224 factis
884 1179 1100 1224 renuntiat
1119 1215 1129 1233 ,
1145 1181 1244 1237 jure
1261 1179 1423 1241 accipit
1438 1179 1549 1242 bap-

171 1249 347 1294 tismum
368 1269 378 1301 ;
407 1259 449 1293 et
473 1259 616 1294 tamen
642 1249 816 1311 accipit.
844 1250 953 1293 Nam
980 1248 1082 1293 tales
1105 1248 1151 1292 in
1176 1248 1369 1294 Ecclesia
1392 1259 1432 1294 et
1457 1250 1552 1312 Cy-

169 1318 348 1382 prianus
361 1319 448 1364 suis
467 1318 737 1381 temporibus
753 1317 883 1364 fuisse
902 1328 1213 1364 commemorat
1226 1354 1237 1374 ,
1264 1328 1306 1363 et
1325 1335 1402 1364 nos
1425 1335 1549 1382 expe-

173 1405 313 1434 rimur
330 1426 341 1446 ‚
366 1399 407 1433 et
424 1405 645 1448 gemimus.

235 1460 332 1506 XX.
377 1459 542 1505 Mirum
570 1470 714 1504 autem
742 1468 833 1514 est,
861 1458 1084 1521 quomodo
1109 1458 1281 1504 dicatur
1307 1478 1327 1499 α
1349 1458 1552 1521 Separari

171 1548 194 1575 a
219 1547 261 1576 se
291 1541 331 1575 et
355 1529 494 1575 dividi
525 1530 702 1574 omnino
731 1546 819 1574 non
853 1546 1000 1592 posse,
1029 1529 1301 1592 baptismum
1330 1539 1373 1575 et
1394 1529 1550 1575 Eccle-

171 1622 192 1641 »
213 1601 319 1645 siam
332 1600 365 1646 ⁵².
389 1621 409 1641 »
434 1599 480 1645 Si
506 1600 620 1644 enim
645 1599 864 1662 baptisma
891 1600 935 1645 in
955 1600 1177 1663 baptizato
1203 1599 1551 1663 inseparabiliter

171 1681 340 1724 manet,
368 1670 590 1733 quomodo
608 1670 856 1733 baptizatus
878 1671 1067 1734 separari
1091 1671 1147 1716 ab
1167 1671 1359 1717 Ecclesia
1378 1680 1547 1734 potest,

171 1752 212 1787 et
237 1742 484 1804 baptismus
507 1758 595 1787 non
615 1744 792 1804 potest?
829 1743 880 1786 In
904 1742 1128 1805 baptizato
1153 1753 1296 1788 autem
1320 1742 1548 1804 insepara-

166 1811 249 1856 <bili
257 1822 317 1856 ter
334 1812 553 1874 baptisma
569 1829 821 1875 permanere
836 1812 1111 1858 manifestum
1129 1823 1191 1858 est
1206 1833 1217 1866 ;
1237 1814 1341 1876 quia
1355 1812 1400 1857 in
1414 1811 1554 1876 quod-

171 1881 278 1926 libet
309 1881 580 1945 profundum
616 1882 830 1927 malorum
864 1894 905 1928 et
936 1883 980 1928 in
1019 1883 1262 1946 quamlibet
1294 1881 1555 1928 horribilem

171 1954 422 2012 voraginem
447 1964 727 2015 peccatorum
744 1953 882 1998 irruat
901 1954 1147 2016 baptizatus
1167 1990 1178 2010 ,
1204 1970 1340 2017 usque
1357 1952 1411 1999 ad
1430 1970 1554 2016 apos-

176 2023 350 2068 taticam
374 2024 545 2068 ruinam
565 2060 576 2078 ‚
601 2040 689 2068 non
709 2035 827 2069 caret
847 2024 1069 2087 baptismo
1094 2042 1105 2069 ε
1128 2034 1169 2069 et
1186 2023 1284 2069 ideo
1305 2040 1386 2087 per
1402 2022 1554 2086 poeni-

171 2093 351 2139 tentiam
389 2093 587 2140 redeunti
623 2112 710 2139 non
746 2094 971 2150 redditur,
1004 2095 1106 2157 quia
1141 2111 1190 2139 eo
1227 2111 1316 2139 non
1360 2093 1552 2156 potuisse

172 2180 316 2209 carere
351 2165 589 2224 judicatur.
633 2166 907 2227 Baptizatum
945 2175 1087 2210 autem
1121 2181 1245 2228 posse
1281 2163 1472 2227 separari
1497 2163 1554 2208 ab

172 2234 366 2280 Ecclesia
402 2235 498 2297 quis
524 2234 825 2281 dubitaverit?
854 2234 961 2280 lnde
991 2235 1158 2298 quippe
1190 2251 1338 2287 omnes
1372 2233 1555 2278 haereses

172 2305 387 2361 exierunt,
411 2322 510 2369 quae
530 2306 746 2352 vocabulo
771 2306 1009 2352 christiano
1039 2305 1280 2369 decipiunt.
1320 2303 1555 2361 Quamob-

171 2392 261 2422 rem
292 2376 395 2439 quia
433 2375 709 2422 manifestum
738 2387 800 2423 est
828 2377 872 2421 in
899 2376 1122 2440 baptizato
1148 2393 1234 2421 esse
1251 2374 1524 2438 baptismum
1546 2410 1556 2430 ‚

173 2463 273 2493 cum
295 2447 544 2511 baptizatus
568 2448 624 2494 ab
653 2447 846 2494 Ecclesia
875 2457 1098 2512 separatur
1116 2483 1126 2502 ,
1152 2445 1398 2510 baptismus
1419 2444 1496 2509 qui
1511 2444 1557 2491 in

173 2518 248 2566 illo
276 2529 370 2578 est,
409 2536 511 2567 cum
541 2520 617 2568 illo
651 2520 801 2584 utique
826 2530 1066 2585 separatur.
1100 2519 1155 2566 Et
1176 2517 1273 2566 ideo
1294 2535 1384 2565 non
1413 2532 1558 2565 omnes

223 2603 233 2625 ¹
250 2604 297 2635 Ex
315 2603 407 2648 epist.
427 2605 480 2646 73.
498 2603 536 2638 ad
551 2603 760 2639 Jubaiauum.
776 2620 822 2627 —
835 2601 851 2626 ²
871 2602 1023 2648 Cyprian.
1041 2601 1076 2636 in
1098 2601 1192 2648 epist.
1211 2603 1267 2650 73.
1290 2601 1330 2636 ad
1348 2600 1556 2637 Jubaianum.
