1894 3154
355 169 453 224 [122.
765 184 799 214 s,
842 183 1086 215 Auensnm
1120 183 1325 215 Emscom

355 248 575 311 baptisma
605 264 683 293 nos
721 248 990 295 custodimus
1008 287 1019 305 ,
1042 250 1146 314 quia
1167 249 1373 295 Ecclesiae
1399 250 1631 297 catholicae
1654 252 1733 298 soli

355 334 446 363 rem
465 334 585 362 suam
611 317 899 366 vindicamus.
937 320 1024 375 Qui
1056 330 1201 365 autem
1226 319 1380 365 dicunt
1409 321 1514 383 quia
1538 322 1735 367 liaeretici

356 403 452 431 vere
477 397 517 431 et
539 386 726 446 legitime
750 388 975 450 baptizant
996 427 1007 445 ,
1045 390 1128 452 ipsi
1159 400 1259 434 sunt
1287 390 1364 452 qui
1397 407 1485 435 non
1509 390 1597 436 duo
1616 427 1627 446 ‚
1661 390 1735 436 sed

358 456 494 502 multa
519 457 783 520 baptismata
801 458 993 504 faciunt:
1017 478 1115 505 nam
1137 477 1237 505 cum
1259 460 1443 506 haereses
1463 461 1612 506 multae
1630 461 1731 516 sint,

357 544 437 590 pro
459 544 604 571 earum
624 544 804 572 numero
819 539 860 573 et
876 529 1143 591 baptismata
1167 530 1559 592 computabuntur.
1588 552 1608 571 n

423 597 668 642 LXXXIV.
700 597 813 642 Huic
836 598 1152 660 respondetur:
1183 599 1229 660 Si
1250 600 1311 644 ita
1330 609 1415 654 est,
1444 610 1507 645 tot
1527 618 1625 660 ergo
1650 617 1738 646 nu-

359 676 580 710 merentur
603 666 887 729 baptismata,
917 679 1025 731 quot
1044 679 1145 714 sunt
1164 685 1295 731 opera
1321 669 1479 726 carnis,
1502 670 1555 715 de
1577 670 1740 733 quibus

362 737 422 780 ait
456 736 717 799 Apostolus:
745 738 1004 794 «Quoniam
1032 739 1110 802 qui
1143 739 1242 794 talia
1268 749 1425 799 agunt,
1456 757 1636 799 regnum
1661 741 1741 786 Dei

363 828 382 847 »
402 824 488 851 non
505 807 794 870 possidebunt
814 807 830 836 1
854 826 864 853 :
887 831 906 850 >2
926 809 1038 854 inter
1055 827 1155 873 quae
1169 820 1453 855 numerantur
1471 820 1512 854 et
1532 810 1737 865 haereses,

362 888 404 922 ct
423 888 509 922 tam
532 877 666 923 multa
685 879 881 942 ipsorum
903 896 1086 942 operum
1108 880 1224 925 intus
1244 890 1453 942 tanquam
1477 879 1522 925 in
1540 879 1663 942 palea
1679 890 1743 925 to-

361 947 573 1001 ieramus,
587 960 628 994 et
641 960 784 994 tamen
793 967 930 995 unum
944 950 1163 1013 baptisma
1180 950 1384 995 omnibus
1397 960 1475 1006 est,
1490 949 1608 1013 quod
1620 950 1743 996 nullo

365 1019 606 1081 iniquitatis
632 1037 762 1082 opere
783 1020 986 1067 violatur.

430 1090 649 1136 LXXXV.
677 1090 932 1135 Vincentius
953 1109 975 1135 a
1000 1090 1188 1136 Thibari
1200 1090 1308 1135 dixit
1327 1107 1338 1134 ε
1368 1111 1387 1131 α
1409 1090 1646 1148 Haereticos
1665 1091 1746 1136 sci-

368 1176 464 1204 mus
491 1177 577 1205 esse
597 1164 761 1223 pejores
781 1198 791 1217 ,
819 1177 951 1223 quam
976 1160 1187 1207 ethnicos.
1226 1161 1272 1206 Si
1303 1161 1499 1206 conversi
1526 1160 1580 1206 ad
1607 1162 1746 1206 Deum

368 1230 512 1274 venire
531 1229 765 1285 voluerint,
792 1230 961 1276 habent
983 1231 1133 1293 utique
1151 1231 1343 1290 regulam
1370 1231 1558 1276 veritatis
1578 1268 1588 1283 ,
1612 1248 1746 1294 quam

372 1299 584 1345 Dominus
602 1311 826 1363 praecepto
850 1300 999 1345 divino
1024 1300 1262 1348 mandavit.
1297 1300 1536 1363 Apostolis,
1559 1300 1705 1346 dicens
1732 1319 1744 1346 ε

372 1391 392 1410 «
413 1371 495 1425 lte,
525 1370 569 1415 in
595 1371 770 1416 nomine
789 1388 884 1416 meo
910 1388 1088 1415 manum
1108 1371 1340 1434 imponite,
1362 1371 1579 1416 daemonia
1600 1371 1748 1434 expel-

374 1461 394 1480 ›>
412 1439 486 1483 lite
505 1440 537 1485 2.
574 1461 593 1480 n
614 1441 666 1484 Et
690 1440 772 1485 alio
798 1440 894 1485 loco
915 1457 926 1484 z
954 1461 973 1482 α
1000 1441 1063 1485 Ite
1081 1477 1092 1496 ,
1115 1451 1157 1485 et
1177 1440 1327 1485 docete
1347 1450 1490 1499 gentes
1508 1477 1519 1495 ,
1547 1441 1748 1501 tinguen-

375 1525 395 1544 ›>
415 1515 474 1548 tes
497 1520 566 1548 eas
588 1503 633 1548 in
658 1505 833 1550 nomine
862 1505 1002 1550 Patris
1027 1515 1069 1549 et
1105 1504 1203 1550 Filii
1227 1515 1269 1549 et
1293 1504 1482 1567 Spiritus
1503 1506 1641 1551 sancti
1665 1506 1697 1553 3.
1727 1529 1748 1549 »

376 1575 490 1633 Ergo
511 1574 655 1637 primo
689 1593 767 1638 per
794 1593 947 1621 manus
971 1575 1292 1638 impositionem
1315 1576 1362 1621 in
1386 1575 1620 1621 exorcismo
1638 1614 1649 1632 ,
1682 1588 1750 1622 se'-

377 1644 523 1690 cundo
548 1662 628 1708 per
661 1646 872 1709 baptismi
906 1646 1301 1706 regenerationem,
1341 1657 1446 1692 tunc
1481 1658 1662 1709 possunt
1696 1647 1752 1694 ad

379 1715 545 1761 Christi
572 1716 932 1779 pollicitationem
963 1718 1136 1773 venire;
1172 1717 1274 1764 alias
1307 1728 1449 1763 autem
1477 1717 1571 1762 fieri
1603 1734 1752 1764 censeo

379 1803 467 1831 non
486 1785 656 1833 debere.

442 1855 684 1902 LXXXVI.
713 1857 773 1901 Ex
793 1873 877 1919 qua
905 1856 1051 1916 regula
1074 1856 1192 1902 dicat
1214 1856 1442 1902 baereticos
1471 1860 1638 1920 pejores
1667 1874 1754 1903 esse

380 1943 511 1989 quam
528 1926 742 1981 ethnicos,
765 1927 908 1971 nescio
927 1946 938 1979 3
967 1944 1068 1971 cum
1084 1927 1298 1972 Dominus
1323 1925 1441 1972 dicat
1461 1944 1471 1971 :
1500 1948 1519 1966 «
1541 1927 1587 1972 Si
1615 1943 1755 1990 neque

380 2018 400 2038 »
423 1996 660 2043 Ecclesiam
683 1995 895 2049 audierit,
918 1996 969 2041 sit
996 1997 1076 2042 tibi
1100 2007 1304 2059 tanquam
1328 1997 1530 2042 ethnicus
1547 1996 1754 2063 etpubli-

381 2088 401 2108 »
426 2083 557 2112 canus
576 2064 610 2112 Δ.
636 2089 656 2107 υ
695 2067 763 2112 An
781 2066 910 2112 etiam
938 2066 1011 2111 tali
1030 2066 1261 2112 haereticus
1286 2069 1409 2129 pejor
1427 2076 1488 2111 est
1506 2069 1524 2111 Ρ
1544 2065 1668 2111 Nihil
1691 2082 1754 2111 re-

377 2137 514 2182 sisto:
555 2154 643 2182 non
678 2147 823 2181 tamen
856 2148 1085 2200 propterea
1108 2137 1211 2200 quia
1241 2137 1333 2201 ipse
1368 2137 1501 2182 homo
1537 2140 1662 2200 pejor
1694 2147 1756 2182 est

377 2206 572 2262 ethnico,
591 2206 638 2252 id
652 2217 731 2260 est,
758 2207 907 2266 gentili
921 2219 1049 2271 atque
1070 2224 1260 2271 pagano,
1286 2217 1604 2254 sacramentum
1624 2207 1756 2252 etiam

379 2276 552 2327 Christi
572 2277 606 2322 si
624 2276 745 2342 quod
770 2277 924 2333 habet,
954 2278 1071 2324 vitiis
1099 2282 1190 2338 ejus
1220 2278 1503 2341 moribusque
1531 2277 1752 2334 miscetur,

377 2357 419 2391 et
447 2345 597 2392 cadem
632 2347 917 2411 permixtione
948 2359 1207 2412 corruptum
1231 2349 1358 2411 perit.
1389 2349 1501 2394 Nam
1526 2358 1567 2393 et
1588 2347 1651 2393 illi
1680 2347 1758 2411 qui

429 2440 440 2462 ¹
467 2440 573 2474 Galat.
599 2452 631 2481 v,
660 2452 715 2474 21.
741 2459 784 2466 —
814 2439 830 2463 2
854 2444 954 2475 Marc.
974 2453 1031 2475 xvx
1048 2466 1056 2481 ‚
1085 2455 1139 2484 17.
1155 2461 1201 2469 --
1219 2439 1235 2466 3
1255 2442 1374 2477 Matth.
1392 2454 1509 2485 xxvux,
1532 2454 1584 2484 19.
1600 2459 1645 2466 —
1671 2438 1687 2464 ⁴
1703 2440 1755 2476 Id.

381 2506 464 2529 ιιι-ιιι
479 2518 488 2534 ,
519 2505 573 2534 ¹7·
