1894 3154
322 299 493 330 CONTRA
530 297 775 328 EPISTOLAM
811 298 1110 340 PARMENIANI,
1150 301 1238 332 LIB.
1282 302 1312 333 1.
1428 288 1512 351 137

146 367 306 411 neficos
325 365 513 424 vigorem
535 362 677 421 legum
702 364 882 408 exerceri
899 367 1013 422 juste
1036 364 1278 418 fateantur3
1307 366 1352 411 in
1369 367 1513 412 haere-

148 436 252 481 ticos
276 446 414 480 autem
438 444 564 496 atque
583 433 739 495 impias
769 433 1050 480 dissensiones
1079 435 1221 481 nolint
1243 436 1365 482 fateri
1380 474 1389 492 ‚
1413 455 1514 483 cum

146 505 191 550 in
217 504 367 549 iisdem
394 504 634 565 iniquitatis
649 502 867 548 fructibus
891 505 1145 550 auctoritate
1173 506 1417 569 Apostolica
1436 524 1516 552 nu-

147 577 395 620 merentur?
436 576 500 618 An
530 572 639 617 forte
674 590 752 617 nec
785 574 887 619 talia
918 586 1148 637 potestates
1182 577 1275 622 istae
1309 577 1514 622 humanae

148 645 465 692 constitutionis
484 645 799 707 permittuntur
825 650 1009 691 curare?
1038 669 1056 687 α
1081 649 1265 710 Propter
1286 648 1394 711 quid
1418 665 1517 707 ergo
1573 638 1575 640 .

149 738 169 757 >2
187 716 376 776 gladium
397 725 543 777 portat
559 714 593 770 1.,
626 736 645 755 »
666 715 742 777 qui
758 714 900 760 dictus
919 727 979 761 est
1004 717 1195 762 minister
1217 719 1297 762 Dei
1318 754 1328 772 ‚
1365 718 1520 762 vindex

149 786 193 831 in
213 786 318 830 iram
345 786 402 830 eis
426 785 501 846 qui
529 784 639 828 male
672 788 830 843 agunt?
862 786 952 830 nisi
984 786 1117 840 forte,
1149 787 1519 851 quemadmodum

149 855 347 900 nonnulli
368 871 515 899 eornm
540 872 637 899 sane
664 855 971 917 imperitissimi
991 857 1078 901 hoc
1103 858 1340 917 intelligere
1356 858 1535 912 solent‚'

151 925 203 969 de
224 925 462 970 honoribus
485 924 783 969 ecclesiasticis
803 925 972 970 dictum
1004 936 1066 970 est
1084 962 1096 982 ‚
1123 937 1171 971 ut
1198 926 1367 985 gladius
1390 925 1522 972 intel-

149 995 309 1054 ligatur
328 993 519 1039 vindicta
545 993 770 1054 spiritalis,
797 995 872 1057 qui
901 997 1392 1042 excommunicationem
1416 1013 1524 1059 ope-

151 1075 298 1109 ratur:
324 1080 424 1108 cum
447 1062 851 1125 providentissimus
879 1065 1107 1127 Apostolus
1125 1067 1403 1129 consequenti
1425 1083 1527 1111 con-

151 1135 334 1179 textione
350 1133 546 1179 lectionis
570 1133 669 1177 satis
693 1133 856 1195 aperiat
875 1134 983 1197 quid
1002 1135 1220 1199 loquatur.
1248 1136 1344 1182 Illic
1360 1136 1525 1199 quippe

155 1204 325 1250 addidit
349 1222 359 1248 :
401 1225 420 1244 «
447 1206 633 1266 Propter
663 1203 750 1248 hoc
779 1205 892 1249 enim
918 1216 959 1250 et
990 1207 1157 1252 tributa
1192 1207 1419 1270 praestatis,
1463 1208 1525 1252 Ac

152 1297 173 1318 »
191 1274 346 1319 deinde
364 1273 587 1333 subjunxit
607 1291 617 1317 :
645 1273 831 1319 Reddite
857 1277 1060 1322 omnibus
1081 1276 1252 1333 debita,
1280 1277 1350 1322 cui
1375 1276 1525 1321 tribu-

155 1357 287 1391 »tum
305 1383 315 1400 ‚
338 1345 553 1389 tributum
575 1364 585 1397 3
606 1346 677 1389 cui
703 1346 884 1405 vectigal
904 1384 914 1401 ‚
944 1347 1122 1407 vectigal
1141 1368 1152 1400 3
1183 1348 1254 1393 cui
1285 1348 1493 1393 honorem
1514 1384 1524 1402 ‚

156 1438 177 1458 >›
193 1417 432 1467 honorem3
459 1414 528 1459 cui
550 1414 770 1470 timorem,
794 1416 1038 1463 timorem2.
1069 1439 1088 1458 »
1108 1418 1205 1462 Hoc
1223 1435 1320 1477 ergo
1336 1422 1423 1477 jam
1446 1433 1530 1461 res-

158 1497 220 1532 tat
236 1524 246 1542 ‚
277 1496 322 1531 ut
344 1486 432 1530 istis
458 1485 830 1547 disputationibus
855 1488 938 1532 suis
962 1488 1229 1550 prohibeant
1257 1488 1528 1533 Christianos

159 1557 320 1602 tributa
355 1555 633 1618 persolvere:
662 1572 762 1600 cum
794 1567 835 1601 et
866 1558 1077 1603 Dominus
1114 1558 1216 1603 talia
1249 1558 1531 1603 sentientibus

156 1626 412 1676 Pharisaeis,
433 1642 543 1687 quos
566 1625 794 1670 imitantur
812 1627 878 1670 isti
896 1663 905 1681 ,
931 1644 1107 1672 nummo
1123 1627 1316 1690 inspecto
1340 1646 1349 1672 ε
1374 1649 1393 1667 «
1413 1626 1533 1671 Red-

161 1718 182 1739 »
205 1697 292 1742 dite
310 1732 319 1750 ‚
343 1696 400 1740 ait
418 1732 428 1749 ,
457 1696 618 1740 Caesari
642 1695 762 1758 quod
791 1696 971 1742 ‹3aes0ris
999 1708 1058 1742 est
1077 1735 1087 1752 ‚
1119 1708 1159 1742 et
1189 1699 1280 1742 Deo
1309 1697 1428 1761 quod
1451 1695 1535 1740 Dei

161 1789 182 1809 »
203 1766 308 1812 est3.
337 1787 355 1806 »
388 1766 442 1810 Hi
480 1782 585 1809 vero
617 1766 661 1810 in
696 1778 879 1829 utroque
910 1767 1207 1813 inobedientes
1230 1779 1360 1830 atque
1379 1766 1530 1830 impii,

161 1854 239 1882 nec
258 1839 350 1880 Deo
370 1834 561 1880 reddunt
583 1835 883 1881 Christianum
906 1854 1095 1882 amorem
1109 1874 1118 1890 ,
1147 1854 1227 1882 nec
1247 1838 1422 1897 regibus
1444 1837 1536 1881 hu-

161 1923 338 1952 manum
364 1905 559 1949 timorem
586 1922 595 1948 ε
617 1905 677 1949 ita
700 1906 806 1950 caeci
834 1917 874 1950 et
899 1907 1036 1951 insani
1055 1944 1065 1959 ,
1094 1917 1142 1951 ut
1165 1924 1265 1952 cum
1285 1907 1536 1952 schismati-

163 1994 235 2023 cos
255 1993 351 2021 suos
374 1975 709 2020 Maximianistas
736 1993 813 2038 per
835 1987 1065 2038 potestates
1094 1994 1117 2021 a
1138 1976 1366 2022 catholicis
1389 1977 1534 2039 impe-

162 2047 383 2092 ratoribus
413 2046 558 2090 missas
596 2045 649 2090 de
686 2046 874 2091 basilicis
907 2046 1191 2101 excluserint,
1226 2057 1267 2091 et
1303 2047 1346 2092 vi
1381 2063 1538 2105 magna

158 2116 400 2176 J‘ussionum
417 2125 457 2159 et
476 2115 731 2160 auxiliorum
751 2115 900 2160 cedere
918 2116 999 2160 sibi
1015 2115 1309 2178 compulerint
1325 2152 1335 2170 ,
1357 2125 1540 2174 arguant

169 2185 441 2231 Catholicam
464 2221 474 2239 ‚
513 2185 543 2229 si
577 2201 657 2246 pro
699 2202 746 2229 ea
783 2185 990 2230 catholici
1022 2185 1243 2247 principes
1267 2184 1349 2229 tale
1375 2184 1540 2247 aliquid

166 2255 259 2301 fieri
277 2255 580 2317 praeceperint.
616 2255 704 2317 ipsi
737 2272 836 2299 vero
868 2255 1196 2300 Tiiaximianistae
1225 2265 1453 2317 antequam
1474 2272 1544 2300 es-

167 2336 260 2370 sent
284 2324 613 2369 ll'laximianistae
629 2361 639 2379 ,
662 2324 705 2369 id
728 2336 789 2369 est
807 2363 817 2379 ‚
845 2342 941 2370 cum
971 2324 1117 2369 adhuc
1139 2341 1226 2369 uno
1250 2325 1377 2369 simul
1402 2326 1545 2369 Dona-

167 2396 366 2440 tistarum
402 2395 618 2439 consortio
646 2405 916 2447 tenerentur,
949 2410 1048 2456 quae
1079 2394 1133 2438 ab
1166 2394 1224 2438 eis
1251 2394 1443 2453 Rogatus
1472 2392 1542 2438 ille

172 2465 350 2510 Maurus
371 2480 448 2526 per
471 2480 611 2522 regem
640 2464 877 2508 barbarum
912 2462 1151 2519 ffirmumffi
1183 2480 1313 2526 quam
1344 2480 1474 2515 saeva,
1497 2472 1539 2506 et

219 2546 231 2567 ¹
247 2549 337 2577 Rom.
358 2556 434 2581 xxrr,
450 2551 530 2580 4.-
546 2543 657 2576 2111id.
678 2547 761 2576 6.-
780 2542 794 2565 3
814 2544 918 2575 Mnnh
948 2556 1032 2581 xxix,
1053 2556 1157 2576 21.-—
1172 2542 1186 2565 4
1205 2547 1251 2576 De
1270 2544 1375 2576 Firmo
1396 2550 1546 2586 tyranno,
1569 2581 1578 2588 ·

171 2610 267 2642 quem
291 2598 489 2629 Theodosius
517 2599 619 2638 magni
641 2597 811 2629 Theodosii
834 2604 923 2640 pater
945 2610 961 2629 a
978 2598 1205 2630 Valentiniano
1223 2600 1341 2640 majore
1360 2597 1391 2628 iu
1408 2596 1547 2628 Africam

175 2651 286 2684 missus
301 2650 411 2694 praelio
432 2651 518 2688 vicit,
534 2651 643 2683 scribit
662 2651 773 2683 Paulus
792 2650 944 2682 diacanos
970 2650 1003 2681 in
1019 2650 1077 2683 lib.
1098 2662 1151 2684 ω,
