1894 3154
312 202 407 258 5154
725 219 758 248 s.
803 213 1047 248 AUGUSTINI
1082 212 1286 248 EPISCOPI

316 283 370 328 tis
393 282 603 328 fallaciter
630 283 861 347 accipienti
880 322 890 340 ‚
932 302 1019 330 non
1044 284 1184 331 video,
1215 274 1299 330 Sed
1327 285 1589 331 arbitremur
1611 285 1692 331 ali-

321 370 452 416 quem
476 353 605 398 etiam
623 353 834 399 fallaciter
865 354 1039 400 dantem
1057 393 1066 404 ,
1096 372 1194 400 cum
1221 360 1262 400 et
1297 355 1470 401 tradens
1497 367 1538 401 et
1576 356 1694 401 acci-

317 424 439 487 piens
463 422 676 469 fallaciter
707 436 834 484 agant
866 425 911 469 in
946 425 1039 488 ipsa
1072 426 1237 471 unitate
1268 426 1484 472 catholica
1507 464 1518 483 ,
1546 434 1694 472 utrum

319 494 407 539 hoc
432 495 566 554 magis
587 495 805 558 baptisma
837 496 891 539 sit
922 496 1268 558 acceptandum,
1304 513 1355 541 an
1377 497 1486 542 illud
1508 496 1626 561 quod
1649 496 1696 542 in

318 564 452 609 mimo
472 564 619 620 datur,
648 566 681 609 si
700 565 795 627 quis
820 563 969 609 existat
990 566 1065 627 qui
1086 565 1269 610 fideliter
1283 567 1427 612 subito
1454 570 1698 613 commotus

319 635 507 697 accipiat
525 652 535 679 t
565 653 618 679 an
633 646 851 698 quantum
873 635 927 680 acl
964 639 1078 698 ipsos
1099 636 1275 699 quidem
1297 638 1447 683 attinet
1464 637 1663 683 homines
1683 674 1694 694 ‚

319 704 561 768 plurimum
587 705 714 750 distet
735 706 846 750 inter
870 706 1115 751 credentem
1141 707 1186 751 in
1209 708 1358 762 mimo,
1388 719 1428 753 et
1448 708 1698 754 irridentem

319 776 365 820 in
393 775 608 832 Ecclesia3
627 776 681 822 ad
707 776 842 839 ipsius
871 788 1012 822 autem
1034 778 1291 823 sacramenti
1318 779 1608 838 integritatem
1627 777 1699 823 ni-

319 845 386 890 hil
414 846 595 893 intersit.
622 847 668 892 Si
689 848 802 892 enim
822 847 934 892 nihil
952 848 1126 894 interest
1153 849 1206 894 ad
1239 850 1528 908 integritatem
1553 853 1700 895 sacra-

321 917 457 961 menti
475 918 519 961 in
543 918 636 979 ipsa
659 918 908 973 catholica,
932 929 1080 963 utrum
1101 919 1147 964 id
1176 919 1310 982 aliqui
1329 919 1540 965 fallaciter
1557 927 1701 965 an've-

324 987 481 1032 raciter
503 999 648 1046 agant‚
686 1005 785 1033 cum
822 1000 968 1034 tamen
995 989 1082 1034 hoc
1105 989 1220 1034 idem
1243 990 1416 1052 utrique
1441 1000 1595 1050 agant:
1624 1005 1702 1035 cur

324 1067 441 1101 extra
464 1058 648 1113 intersit,
688 1075 775 1104 non
794 1059 948 1116 vide03
983 1059 1159 1122 quando
1183 1060 1254 1105 ille
1287 1061 1362 1123 qui
1398 1061 1583 1124 accipit,
1615 1066 1703 1105 no'n

322 1127 595 1173 simulatione
618 1129 842 1191 palliatus,
867 1130 940 1175 sed
964 1131 1168 1190 religione
1196 1142 1390 1177 mutatus
1412 1138 1486 1178 est.
1514 1132 1581 1177 An
1606 1129 1703 1195 plus

276 1205 279 1207 ’
325 1197 473 1244 Valent
495 1198 549 1243 ad
580 1199 935 1245 confirmandum
966 1209 1283 1247 sacramentum
1311 1201 1375 1247 illi
1401 1217 1571 1247 veraces
1591 1202 1704 1246 inter

329 1286 440 1332 quos
464 1270 622 1328 agitur,
650 1285 780 1333 quam
813 1271 866 1316 ad
887 1270 1188 1316 frustrandum
1222 1271 1285 1316 illi
1307 1271 1478 1317 fallaces
1498 1290 1521 1317 a
1540 1272 1702 1334 quibus

327 1340 486 1398 agitur,
510 1350 550 1384 et
568 1340 611 1384 in
631 1340 794 1402 quibus
821 1341 988 1400 agitur?
1018 1343 1070 1386 Et
1086 1352 1230 1386 tamen
1251 1342 1284 1386 si
1302 1348 1449 1404 'postea
1469 1341 1700 1405 predatur,

326 1425 453 1454 nemo
472 1410 644 1472 repetit,
666 1410 737 1455 sed
760 1421 829 1456 aut
852 1411 1269 1457 excommunicando
1286 1413 1470 1475 punitur
1488 1411 1562 1458 illa
1576 1412 1706 1457 simu-

326 1478 450 1535 latio,
476 1491 549 1524 aut
571 1481 828 1543 poenitendo
852 1492 1043 1528 sanatur.

397 1550 494 1597 CII.
515 1551 616 1596 ‘Sed
648 1552 774 1596 nobis
802 1563 943 1598 tutum
963 1564 1041 1608 est,
1078 1553 1123 1598 in
1143 1570 1190 1599 ea
1217 1566 1302 1599 non
1323 1552 1543 1617 progredi
1563 1552 1707 1616 aliqua

325 1621 564 1668 temeritate
598 1623 818 1668 sententiae
841 1661 851 1678 ‚
892 1635 992 1686 quae
1020 1623 1141 1668 nullo
1176 1624 1221 1668 in
1248 1623 1466 1669 catholico
1499 1622 1708 1683 regionali

328 1692 515 1739 concilio
540 1703 707 1755 coepta,
724 1693 845 1738 nullo
865 1693 1059 1755 plenario
1087 1694 1316 1739 terminata
1337 1703 1436 1739 sunt
1458 1711 1468 1738 ε
1495 1693 1540 1738 id
1565 1695 1707 1738 autem

331 1763 493 1809 fiducia
518 1780 679 1808 securae
696 1764 815 1809 vocis
837 1779 1016 1809 asserere
1033 1801 1043 1819 ,
1069 1764 1187 1827 quod
1212 1765 1259 1810 hi
1286 1762 1596 1824 gubernatione
1616 1764 1709 1808 Do-

326 1834 434 1880 mini
463 1833 541 1878 Dei
576 1834 714 1878 nostri
749 1845 790 1878 et
826 1833 1060 1879 salvatoris
1091 1835 1194 1880 Jesu
1231 1834 1427 1891 Christi,
1457 1833 1708 1880 universalis

327 1903 534 1949 Ecclesiae
552 1904 827 1948 consensione
841 1904 1096 1949 roboratum
1121 1915 1195 1951 est.
1232 1904 1537 1950 Verumtamen
1555 1905 1589 1949 si
1613 1903 1710 1966 quis

328 1973 438 2018 forte
458 1990 525 2017 me
554 1973 599 2017 in
633 1989 681 2017 eo
705 1972 891 2018 concilio
925 1974 1211 2018 constitutum
1231 2011 1241 2029 ‚
1271 1975 1347 2019 ubi
1378 1974 1531 2019 'talium
1566 1977 1709 2019 rerum

330 2043 514 2107 quaestio
531 2053 789 2098 versaretur,
814 2060 902 2089 non
926 2043 1278 2106 praecedentibus
1301 2043 1464 2090 talibus
1483 2081 1493 2099 ‚
1521 2050 1708 2107 quorum

334 2114 563 2160 sententias
580 2114 699 2177 sequi
721 2114 910 2169 mallem,
930 2125 1099 2174 urgeret
1120 2126 1165 2160 ut
1187 2115 1373 2160 dicerem
1388 2115 1495 2178 quid
1507 2115 1597 2179 ipse
1610 2119 1709 2160 seh-

332 2185 459 2230 tirem
481 2183 539 2228 :si
561 2201 610 2228 eo
636 2183 765 2228 modo
789 2185 963 2229 affectus
985 2201 1134 2240 essem,
1159 2202 1245 2247 qno
1266 2193 1381 2230 e'ram
1399 2196 1499 2230 curn
1524 2186 1603 2229 ista
1621 2184 1711 2229 'dic-

337 2267 503 2306 tarem3
545 2271 817 2317 nequaquam
855 2255 1100 2300 dubitarem
1130 2254 1289 2300 habere
1316 2272 1386 2300 eos
1415 2255 1708 2318 baptismum,

339 2325 416 2388 qui
437 2324 706 2386 ubicumque
724 2361 734 2377 ‚
775 2335 817 2369 et
842 2342 864 2369 a
885 2326 1236 2388 quibuscumque
1268 2325 1380 2370 illud
1401 2326 1541 2370 verbis
1566 2327 1714 2370 Evan-

337 2395 483 2455 gelicis
508 2405 807 2439 consecratum
828 2432 837 2448 ‚
863 2396 950 2440 sine
970 2413 1043 2440 sua
1064 2396 1335 2441 simulatione
1354 2433 1364 2451 ,
1385 2407 1426 2441 et
1448 2406 1548 2441 cuin
1571 2395 1712 2458 aliqua

333 2464 422 2524 'fide
452 2464 719 2526 accepissent
746 2482 756 2510 :
787 2480 1039 2529 quanquam
1065 2466 1122 2511 eis
1148 2466 1201 2511 ad
1235 2466 1416 2512 salutem
1442 2465 1713 2529 spiritualem

324 2550 413 2581 non
435 2533 676 2597 prodesset,
708 2535 742 2581 si
761 2535 976 2583 charitate
1001 2537 1255 2594 caruissent,
1278 2552 1365 2601 qua
1384 2535 1616 2584 cathollcae
1637 2535 1711 2584 in-
