1894 3154
337 237 394 269 m:
428 235 650 271 narrxsuo
684 239 858 271 com-M
892 240 1184 282 οοΝΑτιετΑε,
1222 242 1310 274 mn.
1350 244 1430 274 vn.
1503 229 1594 293 447

228 320 363 350 unum
378 305 612 373 baptisma,
643 307 863 370 quomodo
882 317 944 352 est
964 324 1047 353 una
1066 307 1287 364 columba,
1308 326 1405 355 cum
1429 311 1596 375 possint

227 375 304 439 qui
331 393 416 422 non
436 388 536 423 sunt
558 376 602 422 in
632 377 835 424 columba
854 377 1160 434 communiter,
1191 378 1413 442 baptisma
1456 390 1595 426 tamen

224 444 388 492 habere
405 447 709 497 communiter.

288 517 576 569 LXXXVIII.
621 519 728 568 Item
762 516 871 562 alius
906 516 1103 568 Aurelius
1135 535 1159 563 a
1189 517 1401 564 Chullabi
1438 519 1543 566 dixit
1579 539 1588 565 :

224 604 246 625 «
266 584 453 631 Joannes
480 587 699 651 apostolus
724 587 767 632 in
785 586 980 650 Epistola
1005 604 1078 633 sua
1106 587 1252 651 posuit
1276 605 1286 633 :
1315 610 1334 630 (ι
1351 589 1395 634 Si
1419 590 1516 654 quis
1542 591 1591 636 ad

223 674 246 696 ›>
262 672 332 700 eos
353 658 493 713 venit,
518 669 559 703 et
579 657 822 704 doctrinam
849 657 1014 702 Christi
1040 675 1123 704 non
1152 658 1284 703 habet
1302 695 1312 713 ‚
1339 659 1472 705 nolite
1495 678 1593 707 eum

223 745 245 767 ›>
262 725 488 773 admittere
514 729 557 773 in
585 728 765 778 domum
791 739 972 774 vestram
991 766 1001 784 ‚
1026 739 1069 774 et
1105 735 1195 774 Ave
1220 728 1282 774 illi
1307 747 1359 775 ne
1385 729 1587 778 dixeritis.

222 815 244 836 >2
265 797 353 852 Qui
373 799 486 843 enim
505 798 658 844 dixerit
680 799 742 845 illi
771 801 862 856 Ave
879 837 888 851 ,
917 800 1212 846 communicat
1245 799 1369 845 factis
1388 805 1476 861 ejus
1498 820 1593 849 rna-

222 864 354 913 »lis¹.
377 889 397 909 »
425 869 659 924 Quomodo
693 869 797 914 tales
831 869 1001 918 admitti
1037 881 1191 915 temere
1222 869 1266 915 in
1294 870 1472 917 domum
1510 873 1594 917 Dei

221 948 428 998 possunt,
449 939 525 1002 qui
546 939 589 984 in
611 939 790 984 domum
814 950 1001 985 nostram
1021 940 1239 1002 privatam
1259 939 1427 985 admitti
1446 941 1596 1003 prohi-

220 1005 412 1054 bentur?
442 1013 528 1054 Aut
561 1010 780 1072 quomodo
806 1027 905 1055 cum
934 1011 992 1054 eis
1019 1011 1108 1055 siue
1144 1010 1349 1055 Ecclesiae
1375 1011 1595 1073 baptismo

221 1078 543 1124 communicare
566 1096 821 1142 possumus,
853 1080 1015 1142 quibus
1055 1081 1089 1125 si
1124 1082 1210 1125 Ave
1240 1080 1470 1127 dixerimus
1493 1092 1592 1127 tan—

220 1154 313 1191 tum
332 1183 342 1202 ‚
363 1147 487 1194 factis
502 1167 648 1195 eorum
672 1150 791 1195 malis
809 1150 1213 1196 communicamus?
1234 1172 1254 1192 ›>

284 1217 528 1266 LXXXIX.
575 1221 634 1270 De
653 1221 738 1266 hoc
760 1221 1005 1266 testimonio
1034 1221 1212 1265 Joannis
1235 1237 1322 1265 non
1349 1231 1411 1266 est
1430 1220 1594 1268 diutius

221 1285 541 1345 disserendum,
576 1290 929 1354 quandoquidem
956 1290 1009 1336 ad
1040 1291 1322 1353 quaestionem
1347 1291 1588 1354 baptismi,

221 1374 353 1421 quam
379 1359 507 1405 modo
526 1371 758 1413 tractamus
775 1398 786 1418 ,
813 1361 989 1406 omnino
1011 1378 1097 1405 non
1116 1361 1317 1423 pertinet.
1354 1362 1423 1406 Ait
1441 1363 1552 1408 enim
1579 1382 1591 1409 ε

222 1424 267 1473 Si
286 1429 383 1491 quis
406 1429 459 1474 ad
481 1447 553 1475 vos
577 1431 764 1486 venerit,
794 1441 836 1476 et
856 1430 1101 1476 doctrinam
1136 1430 1299 1476 Christi
1329 1448 1416 1476 non
1436 1432 1586 1480 hahet.

220 1496 427 1544 Haeretici
461 1511 604 1546 autem
629 1501 916 1565 relinquentes
949 1501 1191 1546 doctrinam
1225 1501 1378 1546 erroris
1410 1503 1473 1547 sui
1493 1540 1503 1558 ‚
1540 1504 1594 1550 ad

221 1569 388 1615 Christi
420 1570 664 1616 doctrinam
699 1582 1032 1623 convertuntur,
1063 1583 1112 1616 ut
1143 1572 1478 1633 incorporentur
1506 1575 1590 1619 Ec-

219 1638 384 1697 clesiae‚
413 1652 454 1686 et
474 1641 528 1686 ad
546 1642 664 1687 illam
690 1641 938 1689 columbam
965 1641 1179 1704 incipiant
1202 1642 1416 1703 pertinere
1434 1680 1444 1697 ‚
1468 1648 1593 1702 cujus

219 1723 534 1760 sacramentum
554 1712 777 1763 habebant
796 1730 806 1758 z
830 1723 871 1757 et
891 1712 985 1758 ideo
1005 1710 1124 1774 quod
1138 1716 1228 1770 ejus
1242 1728 1326 1756 non
1345 1711 1588 1770 habebant,

218 1780 277 1826 eis
298 1781 427 1828 datur
444 1820 456 1837 ,
484 1782 528 1828 id
555 1793 641 1837 est,
668 1800 751 1845 pax
769 1793 810 1828 et
828 1782 1018 1828 charitas
1036 1781 1089 1826 de
1107 1781 1238 1826 corde
1258 1798 1391 1844 puro,
1418 1794 1459 1828 et
1483 1801 1592 1829 con—

218 1853 395 1898 scientia
415 1853 557 1908 bona,
581 1864 622 1898 et
648 1852 734 1898 fide
753 1870 840 1898 nou
867 1854 982 1900 ficta.
1011 1851 1140 1908 Quod
1164 1863 1305 1897 autem
1337 1855 1373 1911 ej
1385 1869 1428 1898 us
1451 1853 1592 1900 habe-

217 1921 327 1967 bant
344 1960 354 1976 ,
382 1925 654 1982 agnoscitur,
676 1935 717 1970 et
740 1924 828 1975 sine
855 1923 939 1968 ulla
957 1922 1219 1968 contumelia
1241 1923 1476 1984 suscipitur
1497 1941 1507 1968 :
1530 1927 1589 1969 si-

219 1994 356 2039 cutin
383 1994 578 2039 adultera
606 1996 719 2039 Deus
749 1993 941 2052 agnoscit
961 1992 1077 2037 dona
1110 2009 1186 2036 sua
1206 2029 1216 2048 ‚
1243 1992 1373 2037 etiam
1398 2009 1497 2038 cum
1519 1994 1591 2040 illa

218 2065 412 2128 sequitur
429 2075 635 2110 amatores
655 2080 774 2116 suos;
800 2063 903 2125 quia
924 2061 1212 2106 fornicatione
1243 2072 1435 2109 correcta
1453 2099 1464 2117 ,
1491 2080 1592 2109 cum

219 2134 273 2180 ad
297 2139 532 2180 castitatem
553 2133 846 2187 convertitur,
877 2149 965 2176 non
989 2131 1103 2175 dona
1131 2130 1203 2176 illa
1227 2130 1489 2192 culpantur,
1520 2134 1592 2179 sed

217 2205 312 2269 ipsa
329 2203 598 2254 emendatur.
628 2203 750 2248 Sicut
771 2219 812 2247 se
834 2211 974 2247 autem
997 2210 1140 2263 posset
1162 2199 1388 2245 defendere
1410 2203 1594 2265 (lypsia-

218 2293 299 2322 nus
317 2313 329 2331 ,
351 2276 384 2321 si
410 2275 496 2320 hoc
519 2274 556 2320 ei
581 2276 756 2319 Joannis
783 2271 1074 2317 testimonium
1105 2269 1369 2328 objiceretur
1387 2307 1397 2322 ‚
1417 2273 1593 2334 quando

218 2346 378 2392 talibus
403 2343 785 2395 communicabat3
818 2342 876 2387 ita
907 2357 947 2385 se
971 2338 1207 2387 defendant
1227 2350 1376 2386 contra
1396 2357 1504 2403 quos
1525 2342 1597 2388 di-

218 2419 347 2465 citur.
380 2417 491 2469 Nam
515 2414 569 2461 ad
592 2414 712 2461 istam
737 2411 1048 2476 quaestionem,
1077 2420 1124 2456 ut
1152 2409 1267 2464 dixi,
1302 2411 1482 2457 omnino
1508 2430 1594 2459 non

217 2488 418 2553 pertinet.
443 2484 464 2535 ὖ,
472 2501 630 2537 oannes
645 2484 760 2530 enim
780 2482 890 2528 dicit
906 2518 920 2539 ,
944 2480 1094 2531 alienae
1112 2479 1323 2533 doctrinae
1339 2480 1597 2545 hominibus

268 2572 279 2594 ¹
301 2581 319 2601 2
335 2572 430 2604 Joan.
454 2579 505 2602 10.
