1894 3154
239 286 289 315 10
638 284 673 314 S.
715 281 960 312 AUGUSTINI
993 279 1198 310 EPISCOPI

230 350 405 396 »nescit
441 349 512 396 cui
551 347 832 407 congregabit
855 345 943 392 ea1.
990 366 1010 387 n
1047 344 1147 390 Non
1186 344 1331 405 itaque
1368 341 1603 387 vanitatem

230 420 409 480 imagini
439 419 517 464 Dei
547 419 783 472 tribueret,
825 416 907 461 nisi
934 415 1170 460 deformem
1203 422 1393 458 cerneret
1423 411 1597 457 factam.

231 456 343 536 Neon
348 500 519 535 tantum
543 488 683 534 131616
705 487 823 532 illam
849 485 1193 538 deformitatem,
1223 493 1270 527 ut
1300 482 1465 527 auferat
1485 479 1605 559 quod

231 562 372 638 imago
397 571 487 615 est,
516 559 618 604 satis
642 557 829 603 ostendit
860 555 1045 601 dicendo
1074 573 1083 599 :
1112 577 1131 596 «
1153 552 1448 615 Quanquam
1437 570 1482 597 10
1502 552 1608 596 ima-

232 652 254 673 »
271 648 367 690 gine
405 596 775 674 ι111111011111101110.
806 648 824 667 »
865 628 1146 702 Quapropter
1181 641 1229 668 ex
1269 633 1450 684 utraque
1485 630 1606 684 parte

232 700 442 747 veraciter
470 697 747 760 pronuntiari
776 706 919 759 potest
948 695 1028 740 ista
1054 694 1288 748 sententia,
1319 703 1367 737 ut
1395 690 1609 755 quemad-

234 769 413 814 modum
441 767 609 812 dictum
642 777 739 810 est:
781 785 802 807 ε(
828 765 1092 826 Quanquam
1132 763 1176 807 in
1201 763 1387 821 imagine
1413 759 1610 806 ambulat

233 860 254 880 >2
275 838 433 892 homo,
455 847 600 881 tamen
622 852 730 880 vane
749 834 1066 885 conturbatum
1087 854 1107 873 »
1140 832 1199 876 ita
1227 831 1430 876 dicatur:
1454 830 1611 886 Quan-

232 926 364 972 quam
391 924 496 954 vane
517 907 807 952 conturbatur
831 905 991 959 homo,
1014 915 1157 948 tamen
1180 903 1227 947 in
1248 902 1434 960 imagine
1458 901 1612 946 ambu-

236 978 308 1025 lat.
342 979 606 1055 Quanquam
640 976 754 1020 enim
787 991 941 1033 magna
977 984 1133 1018 natura
1174 972 1252 1027 sit,
1292 982 1434 1015 tamen
1470 969 1614 1015 vitiari

237 1048 418 1125 potuit,
446 1047 548 1123 quia
578 1062 746 1090 summa
774 1061 862 1089 non
894 1053 989 1088 est:
1019 1053 1060 1088 et
1083 1058 1336 1105 quanquam
1360 1040 1504 1085 1111011
1527 1055 1613 1102 po-

239 1118 368 1163 tuerit
385 1117 520 1180 ‚quia
545 1133 714 1161 summa
736 1132 824 1160 non
847 1124 933 1169 est,
958 1124 1103 1158 tamen
1127 1112 1229 1175 quia
1246 1127 1425 1156 summae
1444 1120 1614 1155 naturae

239 1204 374 1250 capax
402 1197 486 1242 est,
513 1196 554 1231 et
581 1202 667 1230 6556
696 1185 916 1247 particeps
948 1193 1121 1246 potest,
1159 1198 1315 1240 magna
1347 1190 1504 1225 natura
1532 1190 1606 1225 est.

239 1258 499 1313 Quaeramus
522 1256 654 1315 igitur
672 1255 716 1299 in
738 1255 824 1299 hac
841 1254 1026 1312 imagine
1044 1252 1124 1298 Dei
1145 1250 1380 1314 quamdam
1408 1250 1474 1295 sui
1491 1266 1614 1309 gene-

240 1327 295 1372 ris
322 1326 556 1371 trinitatem
572 1362 583 1381 ,
612 1324 844 1384 adJ'uvante
864 1323 959 1385 ipso
984 1322 1061 1385 qui
1086 1338 1162 1366 nos
1181 1320 1282 1365 fecit
1306 1319 1360 1364 ad
1383 1320 1613 1379 imaginem

239 1413 375 1442 suam.
409 1396 508 1440 Non
525 1395 638 1440 enim
661 1393 783 1439 aliter
807 1409 1038 1455 possumus
1061 1392 1160 1436 liaec
1185 1390 1418 1435 salubriter
1436 1389 1615 1435 investi-

240 1483 337 1526 gare
351 1503 361 1521 ‚
388 1476 429 1510 et
448 1464 687 1510 secundum
705 1463 960 1526 sapientiam
982 1478 1081 1524 quae
1102 1461 1157 1505 ab
1176 1460 1252 1505 illo
1275 1471 1337 1505 est
1361 1459 1525 1523 aliquid
1543 1459 1615 1504 in-

239 1536 384 1582 venire
406 1553 416 1580 :
445 1535 517 1580 sed
536 1551 583 1579 ea
610 1551 710 1597 quae
728 1534 774 1578 in
791 1533 1087 1596 superioribus
1107 1530 1231 1576 libris
1247 1568 1258 1586 ,
1294 1541 1337 1575 61
1366 1531 1547 1574 maxime
1570 1529 1615 1574 in

240 1607 431 1661 decimo,
453 1605 506 1650 de
527 1605 669 1649 anima
694 1605 888 1648 humana
909 1603 976 1649 1-61
995 1613 1135 1647 mente
1154 1601 1363 1656 diximus,
1391 1600 1426 1645 si
1446 1600 1617 1645 lectoris

239 1675 307 1722 vel
325 1674 532 1720 memoria
563 1684 791 1718 teneantur
822 1683 949 1736 atque
983 1671 1252 1726 recolantur,
1287 1670 1354 1716 vel
1395 1670 1617 1730 diligentia

239 1747 285 1791 in
308 1744 467 1790 eisdem
491 1744 598 1789 locis
614 1744 659 1788 in
684 1744 846 1806 quibus
867 1742 1117 1805 conscripta
1147 1752 1269 1796 50111,
1292 1751 1613 1796 recenseantur,

238 1832 327 1861 non
346 1815 422 1860 hic
445 1813 708 1859 desiderabit
725 1812 1003 1876 prolixiorem
1022 1810 1074 1856 de
1102 1812 1163 1857 rei
1181 1821 1313 1856 tantae
1337 1811 1616 1874 inquisitione

243 1901 497 1931 sermonem.

306 1956 405 2001 VII.
448 1956 565 1999 Inter
583 1966 739 2000 caetera
768 1971 868 2013 ergo
889 1954 935 1999 in
958 1953 1072 1998 libro
1092 1952 1260 1998 decimo
1291 1951 1476 1996 diximus
1493 1988 1503 2007 ‚
1528 1951 1615 1996 ho-

239 2026 366 2071 minis
388 2036 575 2070 mentem
600 2042 723 2070 nosse
751 2025 1038 2087 semetipsam.
1076 2022 1198 2068 Nihil
1227 2023 1341 2067 enim
1372 2033 1459 2067 tam
1496 2022 1632 2081 novit·

240 2112 383 2150 mens,
410 2111 540 2158 quam
566 2094 611 2139 id
639 2094 754 2157 quod
791 2095 873 2140 sibi
898 2104 1058 2157 praesto
1083 2103 1144 2138 est
1174 2110 1184 2137 :
1214 2109 1292 2137 nec
1321 2092 1456 2137 menti
1480 2092 1616 2150 magis

242 2165 484 2229 quidquam
508 2175 667 2227 praesto
688 2175 777 2220 est,
803 2181 935 2227 quam
954 2165 1047 2226 ipsa
1068 2164 1165 2209 sibi.
1198 2164 1251 2207 Et
1271 2161 1353 2207 alia
1369 2199 1379 2218 ‚
1400 2172 1614 2225 quantum

242 2236 341 2281 satis
358 2235 497 2280 visum
517 2246 579 2279 est
595 2272 604 2290 ,
629 2235 914 2280 adhibuimus
932 2234 1194 2280 documenta
1212 2271 1222 2289 ,
1247 2234 1408 2296 quibus
1423 2233 1509 2278 hoc
1526 2249 1615 2278 cer-

240 2304 400 2350 tissime
427 2304 702 2366 probaretur.
736 2304 856 2360 Quid
872 2307 1018 2366 itaque
1035 2303 1271 2348 dicendum
1290 2313 1350 2347 est
1369 2302 1423 2347 de
1440 2301 1614 2347 infantis

240 2383 383 2418 mente
399 2410 409 2428 ‚
438 2373 498 2417 ita
534 2373 682 2418 adhuc
706 2373 879 2435 parvuli
909 2384 951 2418 et
974 2375 1019 2418 111
1042 2385 1131 2418 tam
1162 2390 1318 2432 magna
1343 2372 1525 2417 demersi
1543 2389 1615 2417 16-

238 2461 335 2489 rum
367 2443 609 2501 ignorantia
627 2480 637 2498 ,
673 2453 720 2488 01
745 2444 861 2489 111105
890 2444 1044 2489 11160115
1067 2444 1264 2489 tenebras
1285 2459 1403 2487 mens
1425 2442 1614 2487 hominis

233 2530 334 2576 quae
357 2511 523 2574 aliquid
546 2514 669 2558 novit
687 2513 943 2559 exhorreat?
966 2515 1032 2560 An
1051 2513 1180 2559 etiam
1198 2513 1292 2575 ipsa
1311 2529 1352 2557 se
1372 2528 1493 2557 nosse
1514 2528 1613 2557 cre-

285 2596 295 2617 ¹
318 2595 398 2628 Psal.
414 2605 552 2633 xxxvm,
574 2607 606 2634 7,
