1894 3154
322 281 495 310 CONTRA
532 276 777 308 EPISTOLAM
814 277 1113 318 PARMENIAM,
1154 280 1241 310 LtB.
1283 281 1333 310 ΙΙ.
1447 265 1533 327 159

158 346 269 391 inter
286 345 503 408 populum
521 355 562 388 et
577 346 720 387 Deum
734 342 770 404 );
792 342 888 405 quis
908 360 1006 387 eum
1023 343 1151 389 ferret
1169 345 1385 391 bonorum
1407 357 1535 409 atque

160 415 353 460 fidelium
377 414 726 458 Christianorum
747 415 765 457 ἶ)
797 413 893 475 quis
917 413 1029 457 sicut
1055 415 1310 476 Apostolum
1340 422 1354 457 (
1376 416 1499 460 hristi
1521 452 1531 470 ,

160 495 201 528 et
219 501 305 528 non
327 483 439 527 sicut
461 481 779 527 Antichristum
799 482 1064 528 intueretur?
1090 485 1141 528 Et
1165 495 1306 529 tamen
1328 485 1447 530 lacus
1464 484 1535 529 dc-

161 553 251 597 triti
274 552 487 597 fumosam
514 568 668 613 aquam
695 551 875 596 istorum
899 553 1147 614 superbiam
1177 553 1347 609 ferunt,
1369 566 1412 599 et
1431 554 1537 616 Spi-

161 623 294 668 ritum
321 632 518 666 sanctum
541 621 762 666 continere
788 638 875 666 non
898 633 1104 684 possunt,
1129 635 1176 669 ut
1199 635 1365 670 servent
1391 625 1539 669 unita-

162 704 249 738 tem
272 692 449 755 spiritus
466 692 510 736 in
534 691 711 736 vinculo
730 692 850 754 pacis
866 729 876 748 ,
911 692 1017 737 etin
1049 695 1252 740 omnihus
1276 695 1543 740 orationibus

163 763 249 808 suis
269 762 321 807 de
342 779 427 806 uno
447 761 679 806 mediatore
705 762 843 807 securi
864 763 961 808 sint.

235 832 354 877 XVI.
387 833 595 876 Homines
610 832 722 876 enim
744 849 890 876 omnes
908 832 1146 879 Christiani
1171 834 1355 880 invicem
1371 853 1412 880 se
1426 852 1544 880 com-

166 901 374 946 mendant
401 901 672 945 orationibus
704 901 803 946 suis.
841 905 923 945 Pro
949 919 1036 964 quo
1064 913 1203 947 autem
1241 904 1385 949 nullus
1409 905 1546 948 inter-

166 971 318 1034 pellat,
341 970 412 1014 sed
431 970 521 1032 ipse
534 987 616 1032 pro
635 970 855 1025 omnibus,
883 971 958 1016 hic
979 989 1090 1016 unus
1111 989 1322 1035 verusque
1338 974 1547 1019 mediator

167 1051 228 1086 est
252 1057 262 1084 t
284 1043 409 1098 cujus
450 1050 580 1101 typus
612 1039 818 1102 quoniam
845 1042 1218 1102 pree-figurabatur
1258 1043 1303 1087 in
1327 1044 1548 1089 sacerdote

168 1109 332 1155 Veteris
351 1109 632 1164 Testamenti,
650 1108 796 1153 nullus
815 1109 905 1154 illic
926 1110 1146 1155 invenitur
1166 1128 1303 1157 orasse
1318 1130 1401 1174 pro
1418 1131 1551 1159 sacer-

170 1180 284 1225 dote.
318 1178 480 1223 Paulus
506 1189 644 1222 autem
669 1178 887 1240 apostolus
905 1196 1154 1242 quanquam
1175 1181 1256 1226 suh
1277 1183 1419 1245 capite
1434 1200 1546 1246 prae-

171 1250 352 1312 cipuum
378 1248 643 1303 membrum,
664 1248 736 1293 sed
759 1259 899 1294 tamen
917 1250 1018 1312 quia
1039 1250 1283 1296 membrum
1310 1262 1372 1297 est
1395 1270 1551 1315 corpo-

171 1320 229 1365 ris
253 1319 436 1373 Christi,
461 1329 502 1362 et
529 1329 706 1363 noverat
731 1336 816 1364 non
836 1336 912 1381 per
933 1321 1116 1379 figuram
1149 1321 1194 1365 in
1231 1323 1437 1368 interiora
1469 1323 1553 1367 veli

174 1388 228 1434 ad
257 1389 416 1433 Sancta
440 1398 689 1433 sanctorum
715 1387 752 1444 1,
784 1388 854 1433 sed
882 1406 961 1452 per
981 1407 1244 1452 expressam,
1270 1403 1312 1437 et
1337 1392 1552 1438 redditam

173 1458 396 1506 veritatem
420 1459 465 1503 in
487 1458 692 1503 interiora
712 1459 832 1513 coeli,
855 1460 909 1504 ad
936 1461 1206 1506 sanctitatem
1231 1479 1317 1507 non
1333 1464 1549 1523 imagina-

175 1530 303 1581 riam,
330 1528 403 1573 sed
430 1539 631 1574 aeternam
649 1566 658 1584 ,
688 1546 770 1591 pro
792 1530 918 1574 nobis
952 1530 1129 1576 intrasse
1153 1533 1385 1578 maximum
1419 1544 1462 1578 et
1480 1551 1556 1578 ve-

176 1599 393 1644 rissimum
428 1599 720 1655 sacerdotem,
766 1600 970 1645 Ecclesiae
1003 1618 1045 1645 se
1082 1603 1350 1648 orationihus
1385 1615 1427 1648 et
1460 1604 1552 1666 ipse

180 1668 458 1714 commendat
481 1686 490 1712 :
519 1685 598 1713 nec
629 1667 908 1728 mediatorem
939 1686 981 1713 se
1014 1669 1121 1715 facit
1145 1671 1256 1715 inter
1276 1672 1494 1734 populum
1517 1682 1560 1717 et

182 1741 320 1784 Deum
340 1759 350 1791 ;
380 1739 452 1783 sed
472 1749 594 1798 rogat
614 1749 662 1783 ut
676 1756 755 1801 pro
777 1756 818 1784 se
844 1750 966 1784 orent
988 1740 1172 1785 invicem
1198 1742 1343 1787 onmia
1364 1742 1560 1787 membra

183 1809 378 1870 corporis
405 1808 602 1852 Christi:
632 1808 835 1870 quoniam
872 1826 953 1871 pro
976 1809 1160 1854 invicem
1200 1812 1346 1856 omnia
1378 1811 1562 1856 sollicita

188 1889 288 1923 sunt
312 1878 525 1933 membra,
548 1878 634 1922 etsi
652 1878 822 1940 patitur
839 1896 972 1924 unnm
993 1880 1258 1935 membrum,
1281 1882 1563 1944 compatiun-

188 1959 256 1994 tur
278 1949 420 1993 onmia
449 1949 672 1999 membra3
693 1959 734 1993 et
757 1949 790 1993 si
817 1948 1088 2008 glorificatur
1127 1968 1262 1996 unum
1290 1953 1557 2007 membrum,

186 2018 460 2078 congaudent
493 2019 638 2063 omnia
675 2019 870 2063 membra
899 2037 908 2064 :
937 2037 987 2065 ac
1011 2020 1071 2065 sic
1096 2021 1232 2065 oratio
1262 2039 1343 2083 pro
1374 2023 1561 2068 invicem

186 2089 481 2134 membrorum
501 2089 697 2133 omnium
720 2088 867 2134 adhuc
889 2089 934 2133 in
953 2100 1065 2134 terra
1083 2090 1397 2147 laborantium,
1422 2109 1567 2137 ascen-

189 2157 265 2203 dat
288 2157 341 2202 ad
366 2169 500 2221 caput
536 2157 654 2221 quod
678 2159 898 2220 praecossit
920 2159 964 2203 in
989 2159 1171 2215 coelum,
1198 2160 1241 2205 in
1264 2178 1351 2223 quo
1370 2171 1431 2205 est
1456 2178 1566 2223 pro—

189 2230 362 2294 pitiatio
379 2248 459 2293 pro
473 2231 662 2293 peccatis
672 2231 841 2277 nostris.
866 2232 976 2276 Nam
996 2233 1029 2276 si
1047 2232 1373 2278 essetmediator
1386 2233 1564 2289 Paulus,

192 2311 330 2346 essent
358 2300 507 2363 utique
531 2311 573 2345 et
601 2300 746 2345 caeteri
771 2301 1011 2363 coapostoli
1044 2305 1151 2361 ejus,
1179 2319 1229 2347 ac
1245 2302 1306 2347 sic
1328 2302 1456 2347 multi
1479 2319 1572 2347 mc-

194 2370 378 2416 diatores
390 2382 525 2416 essent
543 2391 554 2424 ;
570 2388 648 2416 nec
662 2371 745 2434 ipsi
760 2371 896 2416 Paulo
916 2382 1133 2417 constaret
1153 2373 1262 2418 ratio
1282 2390 1369 2435 qua
1384 2373 1564 2428 dixerat,

195 2462 215 2483 α
237 2440 358 2485 Unus
381 2441 494 2485 enim
530 2443 646 2487 Deus
666 2478 676 2496 ‚
723 2458 833 2485 unus
863 2451 904 2485 et
929 2441 1140 2487 mediator
1166 2443 1245 2488 Dei
1271 2453 1312 2488 et
1339 2443 1572 2488 hominum

201 2532 222 2552 »
247 2509 382 2555 homo
424 2510 628 2556 Christus
652 2511 774 2555 Jesus
791 2510 824 2556 2.
847 2532 867 2552 ›>
895 2512 948 2556 In
968 2528 1055 2574 quo
1076 2522 1117 2557 et
1145 2530 1224 2558 nos
1248 2530 1384 2559 unum
1411 2529 1576 2569 sumus,

254 2592 449 2632 ¹Hebr.1x‚
475 2592 613 2625 12.—'2
630 2605 642 2624 1
660 2593 744 2625 Tim.
766 2604 787 2624 ιι
804 2616 812 2632 ,
837 2594 869 2624 5.
