1894 3154
293 206 384 252 360
713 219 747 250 s.
791 216 1034 249 Auensrlm
1069 216 1273 250 Emscom

293 287 380 332 1100
398 286 626 346 indignum
660 296 805 349 putas,
833 286 953 350 quasi
980 296 1053 331 aut
1071 285 1258 331 Joannes
1277 284 1563 331 exhonoratus
1586 286 1666 343 sit,

296 369 370 403 aut
398 375 551 403 avarus
583 357 852 402 honoratus?
880 356 963 401 Sed
999 357 1113 402 illius
1137 356 1402 419 baptismum
1426 374 1514 402 non
1535 374 1671 419 opor-

295 427 378 473 tuit
397 427 559 482 iterari,
582 427 635 472 de
655 444 741 489 quo
758 426 872 471 idem
898 430 1082 471 Joannes
1102 426 1159 471 ait
1181 443 1192 470 2
1225 447 1246 467 «
1267 427 1351 472 Hic
1379 436 1440 471 est
1459 427 1535 489 qui
1552 426 1672 489 bap-
1698 472 1706 476 ,

295 518 316 539 »
337 497 440 543 tizat
468 498 513 543 in
540 497 706 560 Spiritu
731 508 879 542 sancto
895 497 928 543 1.
954 520 968 536 »
998 499 1082 542 Per
1105 497 1343 559 quemlibet
1367 498 1481 542 enim
1516 496 1672 542 minis-

296 579 413 613 trum
439 567 582 622 detur,
606 566 719 611 illius
738 576 798 610 est
816 565 1060 628 baptismus
1079 565 1132 610 de
1152 582 1239 628 quo
1254 565 1423 611 dictum
1449 576 1535 611 est:
1555 586 1575 607 «
1589 564 1674 612 Hic

296 654 316 673 1)
331 631 474 693 estqui
487 631 694 693 baptizat.
706 651 724 671 >2
736 629 820 675 Sed
831 646 969 692 neque
989 629 1125 693 ipsius
1145 633 1166 674 J
1171 630 1321 676 oannis
1338 630 1582 693 baptismus
1600 631 1676 676 ite-

297 712 416 746 ratus
435 711 513 755 est,
536 717 637 746 cum
665 700 719 745 ab
743 716 792 745 eo
817 700 1062 763 baptizatos
1083 700 1296 763 baptizari
1310 700 1356 745 in
1370 700 1546 746 Christo
1565 701 1678 746 Pau-

297 771 364 816 lus
387 770 607 833 apostolus
628 770 764 829 jussit.
787 769 919 826 Quod
941 770 1057 814 enim
1082 770 1140 815 ab
1168 769 1307 815 amico
1324 770 1469 833 sponsi
1497 787 1581 815 non
1601 786 1677 815 ac-

300 850 504 903 ceperant
526 876 537 895 ,
575 840 661 885 hoc
690 840 746 885 ab
777 839 871 902 ipso
898 856 1056 903 sponso
1084 840 1280 903 accipere
1315 839 1563 885 debuerunt
1587 876 1597 895 ,
1626 839 1678 884 de

301 927 388 973 quo
406 910 477 956 ille
498 912 660 956 amicus
679 910 844 956 dixerat
865 929 876 956 ι
904 932 923 952 «
943 911 1027 956 Hic
1051 921 1112 956 est
1138 912 1213 974 qui
1232 911 1486 973 baptizatiu
1512 910 1679 974 Spiritu

305 990 532 1027 »SanClo.›>

366 1050 460 1096 XV.
493 1052 667 1096 Poterat
685 1052 816 1107 enim,
843 1051 877 1096 si
902 1050 1137 1107 voluisset,
1166 1051 1378 1096 Dominus
1409 1051 1531 1096 Jesus
1564 1051 1682 1112 bap-

304 1120 417 1165 tismi
453 1120 517 1164 sui
541 1131 798 1183 potestatem
832 1120 934 1166 dare
963 1120 1093 1165 alicui
1117 1119 1184 1166 vel
1207 1119 1425 1182 aliquibus
1447 1120 1684 1182 praecipuis

305 1191 438 1236 servis
461 1191 563 1246 suis,
588 1193 801 1254 quosjam
824 1190 993 1236 fecisset
1014 1191 1176 1236 amicos
1211 1207 1307 1235 suos
1323 1227 1333 1244 ,
1361 1189 1565 1253 qualibus
1590 1190 1648 1236 ait
1669 1207 1680 1234 ε

305 1283 325 1301 «
345 1261 370 1304 J
376 1278 443 1306 am
467 1278 555 1306 non
574 1278 647 1307 vos
671 1261 813 1306 dicam
833 1277 991 1317 serVOS,
1016 1261 1088 1306 sed
1107 1260 1266 1306 amicos
1288 1261 1305 1288 2
1328 1278 1340 1305 :
1367 1281 1388 1301 >2
1416 1271 1464 1306 ut
1480 1259 1686 1323 quemad-

308 1330 487 1375 modum
508 1348 588 1393 per
605 1331 772 1390 virgam
794 1331 1018 1376 florentem
1043 1330 1362 1376 demonstratus
1380 1341 1442 1375 est
1461 1332 1604 1376 Aaron
1623 1348 1686 1375 sa-

308 1400 458 1446 cerdos
477 1401 512 1457 3,
540 1400 598 1446 ita
615 1401 660 1445 in
684 1404 774 1460 ejus
812 1401 1006 1446 Ecclesia
1039 1401 1117 1446 ubi
1137 1400 1266 1463 plura
1295 1411 1338 1447 et
1360 1404 1526 1460 majora
1551 1401 1686 1446 mira-

307 1470 404 1516 cula
436 1469 550 1515 facta
589 1481 720 1527 sunt,
747 1487 826 1533 per
858 1469 1035 1533 aliquod
1080 1472 1249 1530 signum
1292 1470 1689 1516 demonstrarentur

309 1540 617 1586 excellentioris
648 1541 886 1586 sanctitatis
912 1540 1098 1585 ministri
1121 1551 1163 1585 et
1188 1541 1503 1604 dispensatores
1525 1552 1689 1605 myste-

309 1611 492 1667 riorum,
519 1611 595 1674 qui
619 1610 697 1656 soli
720 1611 944 1675 baptizare
984 1610 1205 1657 deberent.
1244 1612 1328 1657 Sed
1369 1612 1405 1657 si
1425 1612 1512 1657 1100
1539 1612 1657 1657 fieret
1673 1648 1685 1668 ,

311 1681 509 1745 quamvis
531 1681 587 1726 eis
611 1699 633 1726 a
659 1681 852 1726 Domino
885 1681 1122 1727 attributus
1138 1718 1148 1737 ,
1178 1692 1322 1727 tamen
1355 1682 1551 1746 ipsorum
1572 1682 1690 1745 bap-

309 1753 460 1797 tismus
479 1756 569 1812 jam
587 1751 821 1808 diceretur,
844 1751 955 1797 sicut
976 1752 1222 1815 baptismus
1245 1753 1425 1798 Joannis
1454 1752 1551 1799 fuit.
1584 1752 1689 1798 Ideo

311 1822 473 1867 Paulus
493 1821 646 1881 gratias
673 1822 762 1880 agit
783 1823 873 1867 Deo
891 1859 901 1877 ,
925 1821 1045 1885 quod
1080 1822 1295 1868 neminem
1324 1823 1520 1885 ipsorum
1540 1821 1688 1884 bapti-

313 1891 534 1946 zaverat&
557 1893 631 1954 qui
658 1903 868 1954 tanquam
905 1892 1031 1936 obliti
1058 1892 1103 1937 in
1131 1897 1258 1951 cujus
1287 1893 1462 1938 nomine
1483 1892 1693 1955 baptizati

314 1972 468 2016 essent,
494 1978 571 2024 per
600 1962 831 2006 hominum
859 1978 900 2006 se
925 1961 1102 2006 nomina
1127 1962 1396 2008 dividebant.
1429 1964 1542 2007 Cum
1578 1962 1692 2008 enim

316 2041 485 2077 tantum
526 2030 638 2076 valet
661 2031 904 2094 baptismus
926 2048 1006 2094 per
1030 2030 1253 2076 hominem
1282 2032 1657 2095 contemptibilem
1679 2068 1690 2087 ,

316 2111 530 2165 quantum
552 2118 631 2164 per
655 2101 923 2164 Apostolum
948 2101 1102 2155 datus3
1131 2102 1190 2147 ita
1217 2119 1295 2148 nec
1322 2102 1459 2158 illius,
1483 2120 1563 2148 nec
1581 2102 1696 2148 illius

317 2189 402 2218 esse
443 2173 718 2231 cognoscitur
737 2209 748 2227 ,
786 2171 858 2218 sed
895 2172 1059 2217 Christi
1091 2191 1101 2217 ε
1133 2172 1253 2235 quod
1292 2173 1338 2218 in
1378 2173 1474 2236 ipso
1509 2173 1697 2218 Domino

317 2243 341 2286 J
347 2259 505 2287 oannes
522 2260 598 2305 per
620 2242 740 2288 illam
761 2243 982 2288 columbae
1003 2244 1188 2306 speciem
1207 2260 1248 2289 se
1273 2243 1478 2289 didicisse
1498 2254 1691 2290 testatur.

317 2313 430 2358 Nam
462 2311 700 2357 secundum
732 2313 840 2376 quid
881 2313 1000 2359 aliud
1026 2312 1179 2358 dixerit
1201 2331 1212 2358 z
1236 2334 1257 2355 c<
1278 2315 1333 2358 Et
1354 2330 1430 2373 ego
1454 2313 1699 2359 nesciebam

319 2403 339 2423 >³
363 2397 460 2427 eum
476 2381 492 2410 5
513 2401 523 2435 ;
544 2403 564 2424 ³>
592 2399 679 2428 11011
703 2382 833 2446 plane
865 2383 1005 2430 video.
1034 2383 1081 2429 Si
1095 2383 1210 2430 enim
1229 2400 1327 2430 eum
1353 2383 1531 2429 omnino
1559 2383 1701 2429 nesci-

367 2478 487 2508 ¹Joan.
509 2488 538 2517 1,
560 2478 612 2510 33.
631 2496 672 2502 --
690 2477 704 2499 2
723 2478 768 2510 td.
785 2489 838 2520 xv,
858 2479 911 2513 15.
928 2476 999 2502 -3
1018 2481 1115 2513 Num.
1138 2489 1221 2522 xvn,
1244 2480 1278 2512 8.
1301 2496 1343 2502 --
1363 2475 1377 2499 ⁴
1404 2489 1416 2508 1
1445 2479 1521 2512 Cor.
1544 2488 1574 2516 1,
1598 2483 1701 2514 14,—

318 2528 331 2552 5
350 2532 443 2563 Joan.
472 2541 502 2574 1,
524 2531 579 2563 33.
