<?xml version="1.0" encoding="UTF-8"?>
<!DOCTYPE html PUBLIC "-//W3C//DTD XHTML 1.0 Transitional//EN"
    "http://www.w3.org/TR/xhtml1/DTD/xhtml1-transitional.dtd">
<html xmlns="http://www.w3.org/1999/xhtml" xml:lang="en" lang="en">
 <head>
  <title>
</title>
<meta http-equiv="Content-Type" content="text/html;charset=utf-8" />
  <meta name='ocr-system' content='tesseract 3.04.00' />
  <meta name='ocr-capabilities' content='ocr_page ocr_carea ocr_par ocr_line ocrx_word'/>
</head>
<body>
  <div class='ocr_page' id='page_1' title='image "./operaomniaaccura31auguuoft_0051.png"; bbox 0 0 1894 3154; ppageno 0'>
   <div class='ocr_carea' id='block_1_1' title="bbox 619 309 1589 364">
    <p class='ocr_par' dir='ltr' id='par_1_1' title="bbox 619 309 1589 364">
     <span class='ocr_line' id='line_1_1' title="bbox 619 309 1589 364; baseline 0.009 -19"><span class='ocrx_word' id='word_1_1' title='bbox 619 316 673 345; x_wconf 72' lang='lat' dir='ltr'>Dr,</span> <span class='ocrx_word' id='word_1_2' title='bbox 710 317 965 358; x_wconf 79' lang='lat' dir='ltr'><strong>TRINITATE,</strong></span> <span class='ocrx_word' id='word_1_3' title='bbox 1006 309 1092 350; x_wconf 42' lang='lat'>111&#39;13.</span> <span class='ocrx_word' id='word_1_4' title='bbox 1135 321 1206 351; x_wconf 85' lang='lat' dir='ltr'>xv.</span> <span class='ocrx_word' id='word_1_5' title='bbox 1538 309 1589 364; x_wconf 66' lang='lat'>..41</span> 
     </span>
    </p>
   </div>
   <div class='ocr_carea' id='block_1_2' title="bbox 216 380 1609 2612">
    <p class='ocr_par' dir='ltr' id='par_1_2' title="bbox 220 380 1609 998">
     <span class='ocr_line' id='line_1_2' title="bbox 223 380 1604 450; baseline 0.006 -25"><span class='ocrx_word' id='word_1_6' title='bbox 223 380 380 426; x_wconf 66' lang='lat' dir='ltr'>fficiam</span> <span class='ocrx_word' id='word_1_7' title='bbox 402 391 617 443; x_wconf 79' lang='lat' dir='ltr'>quantum</span> <span class='ocrx_word' id='word_1_8' title='bbox 639 381 828 426; x_wconf 82' lang='lat' dir='ltr'>Domino</span> <span class='ocrx_word' id='word_1_9' title='bbox 853 382 1305 447; x_wconf 73' lang='lat' dir='ltr'>adjuvante&#39;potuero‚</span> <span class='ocrx_word' id='word_1_10' title='bbox 1327 396 1375 430; x_wconf 71' lang='lat' dir='ltr'>ut</span> <span class='ocrx_word' id='word_1_11' title='bbox 1389 387 1604 450; x_wconf 84' lang='lat' dir='ltr'>quidquid</span> 
     </span>
     <span class='ocr_line' id='line_1_3' title="bbox 221 449 1603 519; baseline 0.006 -25"><span class='ocrx_word' id='word_1_12' title='bbox 221 451 266 495; x_wconf 92' lang='lat' dir='ltr'>in</span> <span class='ocrx_word' id='word_1_13' title='bbox 291 450 469 509; x_wconf 87' lang='lat' dir='ltr'>singulis</span> <span class='ocrx_word' id='word_1_14' title='bbox 489 449 787 496; x_wconf 83' lang='lat' dir='ltr'>voluminibus</span> <span class='ocrx_word' id='word_1_15' title='bbox 810 452 865 497; x_wconf 82' lang='lat' dir='ltr'>ad</span> <span class='ocrx_word' id='word_1_16' title='bbox 884 454 1175 511; x_wconf 88' lang='lat' dir='ltr'>cognitionem</span> <span class='ocrx_word' id='word_1_17' title='bbox 1193 454 1486 517; x_wconf 86' lang='lat' dir='ltr'>disputatione</span> <span class='ocrx_word' id='word_1_18' title='bbox 1502 475 1603 519; x_wconf 86' lang='lat' dir='ltr'>per-</span> 
     </span>
     <span class='ocr_line' id='line_1_4' title="bbox 222 519 1602 584; baseline 0.006 -20"><span class='ocrx_word' id='word_1_19' title='bbox 222 519 349 575; x_wconf 75' lang='lat' dir='ltr'>duxi,</span> <span class='ocrx_word' id='word_1_20' title='bbox 387 530 550 565; x_wconf 80' lang='lat' dir='ltr'>remota</span> <span class='ocrx_word' id='word_1_21' title='bbox 584 520 880 582; x_wconf 81' lang='lat' dir='ltr'>disputatione</span> <span class='ocrx_word' id='word_1_22' title='bbox 910 523 1098 568; x_wconf 82' lang='lat' dir='ltr'>breviter</span> <span class='ocrx_word' id='word_1_23' title='bbox 1134 541 1360 584; x_wconf 75' lang='lat' dir='ltr'>congeram</span> <span class='ocrx_word' id='word_1_24' title='bbox 1375 563 1385 581; x_wconf 71' lang='lat'><em>,</em></span> <span class='ocrx_word' id='word_1_25' title='bbox 1424 537 1466 571; x_wconf 88' lang='lat' dir='ltr'>et</span> <span class='ocrx_word' id='word_1_26' title='bbox 1502 537 1602 571; x_wconf 79' lang='lat' dir='ltr'>tan-</span> 
     </span>
     <span class='ocr_line' id='line_1_5' title="bbox 221 591 1609 656; baseline 0.006 -23"><span class='ocrx_word' id='word_1_27' title='bbox 221 607 353 652; x_wconf 81' lang='lat' dir='ltr'>quam</span> <span class='ocrx_word' id='word_1_28' title='bbox 386 591 467 635; x_wconf 89' lang='lat' dir='ltr'>sub</span> <span class='ocrx_word' id='word_1_29' title='bbox 503 607 588 635; x_wconf 91' lang='lat' dir='ltr'>uno</span> <span class='ocrx_word' id='word_1_30' title='bbox 622 591 777 635; x_wconf 83' lang='lat' dir='ltr'>mentis</span> <span class='ocrx_word' id='word_1_31' title='bbox 812 603 1010 654; x_wconf 84' lang='lat' dir='ltr'>aspectu,</span> <span class='ocrx_word' id='word_1_32' title='bbox 1040 611 1126 638; x_wconf 90' lang='lat' dir='ltr'>non</span> <span class='ocrx_word' id='word_1_33' title='bbox 1147 595 1515 656; x_wconf 80' lang='lat' dir='ltr'>quemadmodum</span> <span class='ocrx_word' id='word_1_34' title='bbox 1540 613 1609 641; x_wconf 89' lang='lat' dir='ltr'>res</span> 
     </span>
     <span class='ocr_line' id='line_1_6' title="bbox 220 660 1596 728; baseline 0.004 -24"><span class='ocrx_word' id='word_1_35' title='bbox 220 676 406 722; x_wconf 81' lang='lat' dir='ltr'>quaeque</span> <span class='ocrx_word' id='word_1_36' title='bbox 429 660 659 723; x_wconf 65' lang='lat' dir='ltr'>persuasit³</span> <span class='ocrx_word' id='word_1_37' title='bbox 694 660 765 705; x_wconf 88' lang='lat' dir='ltr'>sed</span> <span class='ocrx_word' id='word_1_38' title='bbox 797 661 890 724; x_wconf 84' lang='lat' dir='ltr'>ipsa</span> <span class='ocrx_word' id='word_1_39' title='bbox 921 679 1020 725; x_wconf 68' lang='lat' dir='ltr'>quae</span> <span class='ocrx_word' id='word_1_40' title='bbox 1050 680 1249 725; x_wconf 80' lang='lat' dir='ltr'>persuasa</span> <span class='ocrx_word' id='word_1_41' title='bbox 1277 675 1378 710; x_wconf 88' lang='lat' dir='ltr'>sunt</span> <span class='ocrx_word' id='word_1_42' title='bbox 1402 682 1562 728; x_wconf 88' lang='lat' dir='ltr'>ponam</span> <span class='ocrx_word' id='word_1_43' title='bbox 1585 683 1596 710; x_wconf 70' lang='grc' dir='ltr'><strong>ε</strong></span> 
     </span>
     <span class='ocr_line' id='line_1_7' title="bbox 221 730 1602 797; baseline 0.005 -23"><span class='ocrx_word' id='word_1_44' title='bbox 221 747 273 775; x_wconf 89' lang='lat' dir='ltr'>ne</span> <span class='ocrx_word' id='word_1_45' title='bbox 292 741 381 775; x_wconf 79' lang='lat' dir='ltr'>tam</span> <span class='ocrx_word' id='word_1_46' title='bbox 398 730 525 790; x_wconf 85' lang='lat' dir='ltr'>longe</span> <span class='ocrx_word' id='word_1_47' title='bbox 543 731 628 775; x_wconf 87' lang='lat' dir='ltr'>sint</span> <span class='ocrx_word' id='word_1_48' title='bbox 647 748 669 775; x_wconf 82' lang='lat' dir='ltr'>a</span> <span class='ocrx_word' id='word_1_49' title='bbox 690 732 1044 793; x_wconf 76' lang='lat' dir='ltr'>praecedentibus</span> <span class='ocrx_word' id='word_1_50' title='bbox 1064 735 1369 797; x_wconf 79' lang='lat' dir='ltr'>consequentia</span> <span class='ocrx_word' id='word_1_51' title='bbox 1385 772 1395 790; x_wconf 83' lang='grc'>,</span> <span class='ocrx_word' id='word_1_52' title='bbox 1418 747 1467 780; x_wconf 88' lang='lat' dir='ltr'>ut</span> <span class='ocrx_word' id='word_1_53' title='bbox 1493 736 1602 781; x_wconf 91' lang='lat' dir='ltr'>obli-</span> 
     </span>
     <span class='ocr_line' id='line_1_8' title="bbox 221 800 1601 868; baseline 0.004 -23"><span class='ocrx_word' id='word_1_54' title='bbox 221 800 396 845; x_wconf 82' lang='lat' dir='ltr'>vionem</span> <span class='ocrx_word' id='word_1_55' title='bbox 421 800 762 862; x_wconf 81' lang='lat' dir='ltr'>praecedentium</span> <span class='ocrx_word' id='word_1_56' title='bbox 800 800 931 847; x_wconf 85' lang='lat' dir='ltr'>faciat</span> <span class='ocrx_word' id='word_1_57' title='bbox 962 803 1174 865; x_wconf 79' lang='lat' dir='ltr'>inspectio</span> <span class='ocrx_word' id='word_1_58' title='bbox 1216 806 1601 868; x_wconf 82' lang='lat' dir='ltr'>consequentium3</span> 
     </span>
     <span class='ocr_line' id='line_1_9' title="bbox 221 870 1600 936; baseline 0.005 -23"><span class='ocrx_word' id='word_1_59' title='bbox 221 879 295 914; x_wconf 79' lang='lat' dir='ltr'>aut</span> <span class='ocrx_word' id='word_1_60' title='bbox 314 880 427 914; x_wconf 89' lang='lat' dir='ltr'>certe</span> <span class='ocrx_word' id='word_1_61' title='bbox 453 871 487 915; x_wconf 90' lang='lat' dir='ltr'>si</span> <span class='ocrx_word' id='word_1_62' title='bbox 508 870 676 921; x_wconf 72' lang='lat' dir='ltr'>fecerit,</span> <span class='ocrx_word' id='word_1_63' title='bbox 701 871 788 915; x_wconf 84' lang='lat' dir='ltr'>cito</span> <span class='ocrx_word' id='word_1_64' title='bbox 820 873 955 936; x_wconf 82' lang='lat' dir='ltr'>possit</span> <span class='ocrx_word' id='word_1_65' title='bbox 988 873 1107 935; x_wconf 78' lang='lat' dir='ltr'>quod</span> <span class='ocrx_word' id='word_1_66' title='bbox 1143 873 1348 919; x_wconf 80' lang='lat' dir='ltr'>exciderit</span> <span class='ocrx_word' id='word_1_67' title='bbox 1376 875 1600 934; x_wconf 84' lang='lat' dir='ltr'>relegendo</span> 
     </span>
     <span class='ocr_line' id='line_1_10' title="bbox 221 939 429 998; baseline 0.005 -15"><span class='ocrx_word' id='word_1_68' title='bbox 221 939 429 998; x_wconf 87' lang='lat' dir='ltr'>recolligi.</span> 
     </span>
    </p>

    <p class='ocr_par' dir='ltr' id='par_1_3' title="bbox 216 1010 1604 2612">
     <span class='ocr_line' id='line_1_11' title="bbox 284 1010 1602 1076; baseline 0.005 -21"><span class='ocrx_word' id='word_1_69' title='bbox 284 1010 334 1055; x_wconf 88' lang='lat' dir='ltr'>V.</span> <span class='ocrx_word' id='word_1_70' title='bbox 367 1010 418 1053; x_wconf 89' lang='lat' dir='ltr'>ln</span> <span class='ocrx_word' id='word_1_71' title='bbox 446 1010 590 1072; x_wconf 86' lang='lat' dir='ltr'>primo</span> <span class='ocrx_word' id='word_1_72' title='bbox 615 1010 730 1055; x_wconf 87' lang='lat' dir='ltr'>libro</span> <span class='ocrx_word' id='word_1_73' title='bbox 760 1012 999 1057; x_wconf 87' lang='lat' dir='ltr'>secundum</span> <span class='ocrx_word' id='word_1_74' title='bbox 1034 1013 1281 1076; x_wconf 82' lang='lat' dir='ltr'>Scripturas</span> <span class='ocrx_word' id='word_1_75' title='bbox 1304 1030 1444 1060; x_wconf 80' lang='lat' dir='ltr'>sacras</span> <span class='ocrx_word' id='word_1_76' title='bbox 1462 1014 1602 1061; x_wconf 87' lang='lat' dir='ltr'>unitas</span> 
     </span>
     <span class='ocr_line' id='line_1_12' title="bbox 219 1079 1603 1142; baseline 0.004 -18"><span class='ocrx_word' id='word_1_77' title='bbox 219 1090 260 1124; x_wconf 90' lang='lat' dir='ltr'>et</span> <span class='ocrx_word' id='word_1_78' title='bbox 296 1079 518 1142; x_wconf 83' lang='lat' dir='ltr'>aequalitas</span> <span class='ocrx_word' id='word_1_79' title='bbox 547 1096 727 1125; x_wconf 79' lang='lat' dir='ltr'>sunnnae</span> <span class='ocrx_word' id='word_1_80' title='bbox 758 1080 872 1126; x_wconf 89' lang='lat' dir='ltr'>illius</span> <span class='ocrx_word' id='word_1_81' title='bbox 906 1082 1130 1128; x_wconf 85' lang='lat' dir='ltr'>Trinitatis</span> <span class='ocrx_word' id='word_1_82' title='bbox 1162 1083 1417 1130; x_wconf 82' lang='lat' dir='ltr'>ostenditur.</span> <span class='ocrx_word' id='word_1_83' title='bbox 1458 1085 1510 1129; x_wconf 94' lang='lat' dir='ltr'>In</span> <span class='ocrx_word' id='word_1_84' title='bbox 1543 1102 1603 1130; x_wconf 92' lang='lat' dir='ltr'>se-</span> 
     </span>
     <span class='ocr_line' id='line_1_13' title="bbox 220 1150 1604 1214; baseline 0.004 -19"><span class='ocrx_word' id='word_1_85' title='bbox 220 1150 365 1195; x_wconf 85' lang='lat' dir='ltr'>cundo</span> <span class='ocrx_word' id='word_1_86' title='bbox 389 1161 430 1196; x_wconf 83' lang='lat' dir='ltr'>et</span> <span class='ocrx_word' id='word_1_87' title='bbox 457 1152 579 1195; x_wconf 85' lang='lat' dir='ltr'>tertio</span> <span class='ocrx_word' id='word_1_88' title='bbox 601 1162 641 1195; x_wconf 91' lang='lat' dir='ltr'>et</span> <span class='ocrx_word' id='word_1_89' title='bbox 659 1162 816 1214; x_wconf 86' lang='lat' dir='ltr'>quarto</span> <span class='ocrx_word' id='word_1_90' title='bbox 840 1152 987 1198; x_wconf 84' lang='lat' dir='ltr'>eadem</span> <span class='ocrx_word' id='word_1_91' title='bbox 1012 1171 1022 1198; x_wconf 70' lang='grc' dir='ltr'><em>τ</em></span> <span class='ocrx_word' id='word_1_92' title='bbox 1050 1153 1123 1199; x_wconf 84' lang='lat' dir='ltr'>sed</span> <span class='ocrx_word' id='word_1_93' title='bbox 1147 1154 1200 1199; x_wconf 87' lang='lat' dir='ltr'>de</span> <span class='ocrx_word' id='word_1_94' title='bbox 1226 1154 1322 1200; x_wconf 89' lang='lat' dir='ltr'>Filii</span> <span class='ocrx_word' id='word_1_95' title='bbox 1341 1155 1540 1201; x_wconf 82' lang='lat' dir='ltr'>missione</span> <span class='ocrx_word' id='word_1_96' title='bbox 1563 1166 1604 1201; x_wconf 89' lang='lat' dir='ltr'>et</span> 
     </span>
     <span class='ocr_line' id='line_1_14' title="bbox 221 1220 1603 1286; baseline 0.004 -22"><span class='ocrx_word' id='word_1_97' title='bbox 221 1220 410 1283; x_wconf 87' lang='lat' dir='ltr'>Spiritus</span> <span class='ocrx_word' id='word_1_98' title='bbox 434 1221 571 1265; x_wconf 87' lang='lat' dir='ltr'>sancti</span> <span class='ocrx_word' id='word_1_99' title='bbox 595 1220 822 1280; x_wconf 79' lang='lat' dir='ltr'>diligenter</span> <span class='ocrx_word' id='word_1_100' title='bbox 842 1224 1024 1285; x_wconf 82' lang='lat' dir='ltr'>quaestio</span> <span class='ocrx_word' id='word_1_101' title='bbox 1045 1234 1309 1286; x_wconf 80' lang='lat' dir='ltr'>pertractata</span> <span class='ocrx_word' id='word_1_102' title='bbox 1324 1261 1335 1281; x_wconf 80' lang='grc'>,</span> <span class='ocrx_word' id='word_1_103' title='bbox 1361 1235 1445 1270; x_wconf 90' lang='lat' dir='ltr'>tres</span> <span class='ocrx_word' id='word_1_104' title='bbox 1467 1224 1603 1270; x_wconf 89' lang='lat' dir='ltr'>libros</span> 
     </span>
     <span class='ocr_line' id='line_1_15' title="bbox 218 1289 1602 1354; baseline 0.004 -20"><span class='ocrx_word' id='word_1_105' title='bbox 218 1289 350 1344; x_wconf 81' lang='lat' dir='ltr'>fecit3</span> <span class='ocrx_word' id='word_1_106' title='bbox 379 1290 812 1354; x_wconf 82' lang='lat' dir='ltr'>demonstratumque</span> <span class='ocrx_word' id='word_1_107' title='bbox 833 1303 892 1337; x_wconf 87' lang='lat' dir='ltr'>est</span> <span class='ocrx_word' id='word_1_108' title='bbox 922 1309 1010 1338; x_wconf 90' lang='lat' dir='ltr'>non</span> <span class='ocrx_word' id='word_1_109' title='bbox 1037 1293 1134 1338; x_wconf 89' lang='lat' dir='ltr'>ideo</span> <span class='ocrx_word' id='word_1_110' title='bbox 1164 1293 1373 1338; x_wconf 82' lang='lat' dir='ltr'>minorem</span> <span class='ocrx_word' id='word_1_111' title='bbox 1407 1294 1602 1340; x_wconf 84' lang='lat' dir='ltr'>mittente</span> 
     </span>
     <span class='ocr_line' id='line_1_16' title="bbox 220 1361 1603 1424; baseline 0.003 -20"><span class='ocrx_word' id='word_1_112' title='bbox 220 1361 295 1423; x_wconf 91' lang='lat' dir='ltr'>qui</span> <span class='ocrx_word' id='word_1_113' title='bbox 313 1361 464 1405; x_wconf 86' lang='lat' dir='ltr'>missus</span> <span class='ocrx_word' id='word_1_114' title='bbox 490 1371 577 1416; x_wconf 75' lang='lat' dir='ltr'>est,</span> <span class='ocrx_word' id='word_1_115' title='bbox 607 1362 710 1424; x_wconf 81' lang='lat' dir='ltr'>quia</span> <span class='ocrx_word' id='word_1_116' title='bbox 733 1361 804 1406; x_wconf 89' lang='lat' dir='ltr'>ille</span> <span class='ocrx_word' id='word_1_117' title='bbox 828 1363 969 1418; x_wconf 79' lang='lat' dir='ltr'>misit,</span> <span class='ocrx_word' id='word_1_118' title='bbox 992 1362 1068 1408; x_wconf 86' lang='lat' dir='ltr'>hic</span> <span class='ocrx_word' id='word_1_119' title='bbox 1092 1363 1246 1408; x_wconf 87' lang='lat' dir='ltr'>missus</span> <span class='ocrx_word' id='word_1_120' title='bbox 1263 1373 1350 1418; x_wconf 78' lang='lat' dir='ltr'>est,</span> <span class='ocrx_word' id='word_1_121' title='bbox 1380 1379 1479 1408; x_wconf 87' lang='lat' dir='ltr'>cum</span> <span class='ocrx_word' id='word_1_122' title='bbox 1500 1363 1603 1409; x_wconf 83' lang='lat' dir='ltr'>Tri-</span> 
     </span>
     <span class='ocr_line' id='line_1_17' title="bbox 220 1430 1601 1496; baseline 0.004 -22"><span class='ocrx_word' id='word_1_123' title='bbox 220 1430 330 1475; x_wconf 84' lang='lat' dir='ltr'>nitas</span> <span class='ocrx_word' id='word_1_124' title='bbox 348 1447 449 1493; x_wconf 85' lang='lat' dir='ltr'>quae</span> <span class='ocrx_word' id='word_1_125' title='bbox 472 1447 551 1492; x_wconf 84' lang='lat' dir='ltr'>per</span> <span class='ocrx_word' id='word_1_126' title='bbox 572 1431 717 1475; x_wconf 83' lang='lat' dir='ltr'>omnia</span> <span class='ocrx_word' id='word_1_127' title='bbox 742 1431 921 1494; x_wconf 69' lang='lat' dir='ltr'>aequalis</span> <span class='ocrx_word' id='word_1_128' title='bbox 953 1442 1038 1488; x_wconf 72' lang='lat' dir='ltr'>est,</span> <span class='ocrx_word' id='word_1_129' title='bbox 1074 1432 1238 1494; x_wconf 87' lang='lat' dir='ltr'>pariter</span> <span class='ocrx_word' id='word_1_130' title='bbox 1259 1449 1434 1496; x_wconf 82' lang='lat' dir='ltr'>quoque</span> <span class='ocrx_word' id='word_1_131' title='bbox 1454 1433 1499 1478; x_wconf 89' lang='lat' dir='ltr'>in</span> <span class='ocrx_word' id='word_1_132' title='bbox 1525 1450 1601 1479; x_wconf 88' lang='lat' dir='ltr'>sua</span> 
     </span>
     <span class='ocr_line' id='line_1_18' title="bbox 219 1501 1600 1566; baseline 0.003 -21"><span class='ocrx_word' id='word_1_133' title='bbox 219 1511 371 1546; x_wconf 78' lang='lat' dir='ltr'>natura</span> <span class='ocrx_word' id='word_1_134' title='bbox 390 1501 676 1546; x_wconf 82' lang='lat' dir='ltr'>immutabilis</span> <span class='ocrx_word' id='word_1_135' title='bbox 702 1512 743 1546; x_wconf 88' lang='lat' dir='ltr'>et</span> <span class='ocrx_word' id='word_1_136' title='bbox 766 1502 994 1548; x_wconf 78' lang='lat' dir='ltr'>invisibilis</span> <span class='ocrx_word' id='word_1_137' title='bbox 1015 1513 1054 1547; x_wconf 87' lang='lat' dir='ltr'>et</span> <span class='ocrx_word' id='word_1_138' title='bbox 1080 1503 1243 1566; x_wconf 90' lang='lat' dir='ltr'>ubique</span> <span class='ocrx_word' id='word_1_139' title='bbox 1273 1520 1462 1566; x_wconf 73' lang='lat' dir='ltr'>praesens</span> <span class='ocrx_word' id='word_1_140' title='bbox 1486 1505 1600 1550; x_wconf 90' lang='lat' dir='ltr'>inse-</span> 
     </span>
     <span class='ocr_line' id='line_1_19' title="bbox 219 1571 1598 1636; baseline 0.003 -20"><span class='ocrx_word' id='word_1_141' title='bbox 219 1571 474 1634; x_wconf 86' lang='lat' dir='ltr'>parabiliter</span> <span class='ocrx_word' id='word_1_142' title='bbox 505 1582 721 1634; x_wconf 87' lang='lat' dir='ltr'>operetur.</span> <span class='ocrx_word' id='word_1_143' title='bbox 752 1574 803 1617; x_wconf 85' lang='lat' dir='ltr'>ln</span> <span class='ocrx_word' id='word_1_144' title='bbox 826 1573 980 1635; x_wconf 89' lang='lat' dir='ltr'>quinto</span> <span class='ocrx_word' id='word_1_145' title='bbox 1009 1583 1192 1636; x_wconf 85' lang='lat' dir='ltr'>propter</span> <span class='ocrx_word' id='word_1_146' title='bbox 1219 1590 1289 1618; x_wconf 93' lang='lat' dir='ltr'>eos</span> <span class='ocrx_word' id='word_1_147' title='bbox 1312 1573 1474 1636; x_wconf 86' lang='lat' dir='ltr'>quibus</span> <span class='ocrx_word' id='word_1_148' title='bbox 1503 1574 1598 1620; x_wconf 91' lang='lat' dir='ltr'>ideo</span> 
     </span>
     <span class='ocr_line' id='line_1_20' title="bbox 219 1641 1597 1705; baseline 0.001 -18"><span class='ocrx_word' id='word_1_149' title='bbox 219 1641 393 1687; x_wconf 83' lang='lat' dir='ltr'>videtur</span> <span class='ocrx_word' id='word_1_150' title='bbox 413 1658 501 1686; x_wconf 89' lang='lat' dir='ltr'>non</span> <span class='ocrx_word' id='word_1_151' title='bbox 533 1642 682 1686; x_wconf 87' lang='lat' dir='ltr'>eadem</span> <span class='ocrx_word' id='word_1_152' title='bbox 713 1641 856 1686; x_wconf 84' lang='lat' dir='ltr'>Patris</span> <span class='ocrx_word' id='word_1_153' title='bbox 873 1652 915 1686; x_wconf 89' lang='lat' dir='ltr'>et</span> <span class='ocrx_word' id='word_1_154' title='bbox 939 1641 1036 1686; x_wconf 89' lang='lat' dir='ltr'>Filii</span> <span class='ocrx_word' id='word_1_155' title='bbox 1056 1659 1142 1686; x_wconf 86' lang='lat' dir='ltr'>esse</span> <span class='ocrx_word' id='word_1_156' title='bbox 1161 1643 1447 1687; x_wconf 76' lang='lat' dir='ltr'>substantiam</span> <span class='ocrx_word' id='word_1_157' title='bbox 1463 1679 1473 1699; x_wconf 88' lang='lat'>‚</span> <span class='ocrx_word' id='word_1_158' title='bbox 1494 1644 1597 1705; x_wconf 85' lang='lat' dir='ltr'>quia</span> 
     </span>
     <span class='ocr_line' id='line_1_21' title="bbox 219 1710 1599 1774; baseline 0.001 -18"><span class='ocrx_word' id='word_1_159' title='bbox 219 1728 345 1756; x_wconf 80' lang='lat' dir='ltr'>omne</span> <span class='ocrx_word' id='word_1_160' title='bbox 366 1711 487 1774; x_wconf 88' lang='lat' dir='ltr'>quod</span> <span class='ocrx_word' id='word_1_161' title='bbox 511 1711 563 1755; x_wconf 87' lang='lat' dir='ltr'>de</span> <span class='ocrx_word' id='word_1_162' title='bbox 591 1714 684 1755; x_wconf 83' lang='lat' dir='ltr'>Deo</span> <span class='ocrx_word' id='word_1_163' title='bbox 708 1710 887 1766; x_wconf 78' lang='lat' dir='ltr'>dicitur,</span> <span class='ocrx_word' id='word_1_164' title='bbox 917 1711 1156 1756; x_wconf 84' lang='lat' dir='ltr'>secundum</span> <span class='ocrx_word' id='word_1_165' title='bbox 1188 1711 1476 1757; x_wconf 76' lang='lat' dir='ltr'>substantiam</span> <span class='ocrx_word' id='word_1_166' title='bbox 1509 1712 1599 1758; x_wconf 87' lang='lat' dir='ltr'>dici</span> 
     </span>
     <span class='ocr_line' id='line_1_22' title="bbox 219 1781 1600 1844; baseline 0 -17"><span class='ocrx_word' id='word_1_167' title='bbox 219 1792 376 1844; x_wconf 82' lang='lat' dir='ltr'>putant</span> <span class='ocrx_word' id='word_1_168' title='bbox 395 1819 405 1837; x_wconf 83' lang='grc'>,</span> <span class='ocrx_word' id='word_1_169' title='bbox 427 1792 468 1826; x_wconf 91' lang='lat' dir='ltr'>et</span> <span class='ocrx_word' id='word_1_170' title='bbox 490 1791 718 1844; x_wconf 81' lang='lat' dir='ltr'>propterea</span> <span class='ocrx_word' id='word_1_171' title='bbox 742 1781 914 1840; x_wconf 82' lang='lat' dir='ltr'>gignere</span> <span class='ocrx_word' id='word_1_172' title='bbox 931 1791 972 1825; x_wconf 90' lang='lat' dir='ltr'>et</span> <span class='ocrx_word' id='word_1_173' title='bbox 992 1781 1130 1840; x_wconf 77' lang='lat' dir='ltr'>gigni,</span> <span class='ocrx_word' id='word_1_174' title='bbox 1151 1781 1219 1827; x_wconf 76' lang='lat' dir='ltr'>vel</span> <span class='ocrx_word' id='word_1_175' title='bbox 1240 1782 1430 1840; x_wconf 87' lang='lat' dir='ltr'>genitum</span> <span class='ocrx_word' id='word_1_176' title='bbox 1452 1799 1537 1827; x_wconf 85' lang='lat' dir='ltr'>esse</span> <span class='ocrx_word' id='word_1_177' title='bbox 1559 1793 1600 1827; x_wconf 90' lang='lat' dir='ltr'>et</span> 
     </span>
     <span class='ocr_line' id='line_1_23' title="bbox 217 1851 1600 1914; baseline 0.001 -17"><span class='ocrx_word' id='word_1_178' title='bbox 217 1853 456 1911; x_wconf 84' lang='lat' dir='ltr'>ingenitum</span> <span class='ocrx_word' id='word_1_179' title='bbox 475 1889 486 1906; x_wconf 88' lang='lat'>‚</span> <span class='ocrx_word' id='word_1_180' title='bbox 516 1852 722 1914; x_wconf 84' lang='lat' dir='ltr'>quoniam</span> <span class='ocrx_word' id='word_1_181' title='bbox 745 1851 910 1896; x_wconf 82' lang='lat' dir='ltr'>diversa</span> <span class='ocrx_word' id='word_1_182' title='bbox 940 1862 1062 1906; x_wconf 79' lang='lat' dir='ltr'>sunt,</span> <span class='ocrx_word' id='word_1_183' title='bbox 1094 1851 1366 1896; x_wconf 88' lang='lat' dir='ltr'>contendunt</span> <span class='ocrx_word' id='word_1_184' title='bbox 1394 1852 1600 1898; x_wconf 86' lang='lat' dir='ltr'>substan-</span> 
     </span>
     <span class='ocr_line' id='line_1_24' title="bbox 218 1921 1599 1984; baseline 0 -17"><span class='ocrx_word' id='word_1_185' title='bbox 218 1923 297 1967; x_wconf 79' lang='lat' dir='ltr'>tias</span> <span class='ocrx_word' id='word_1_186' title='bbox 312 1939 397 1967; x_wconf 88' lang='lat' dir='ltr'>esse</span> <span class='ocrx_word' id='word_1_187' title='bbox 415 1921 602 1966; x_wconf 77' lang='lat' dir='ltr'>diversas</span> <span class='ocrx_word' id='word_1_188' title='bbox 623 1958 633 1976; x_wconf 80' lang='lat'><strong>‚</strong></span> <span class='ocrx_word' id='word_1_189' title='bbox 660 1921 985 1966; x_wconf 82' lang='lat' dir='ltr'>demonstratur</span> <span class='ocrx_word' id='word_1_190' title='bbox 1013 1938 1102 1966; x_wconf 89' lang='lat' dir='ltr'>non</span> <span class='ocrx_word' id='word_1_191' title='bbox 1128 1938 1254 1966; x_wconf 91' lang='lat' dir='ltr'>omne</span> <span class='ocrx_word' id='word_1_192' title='bbox 1279 1922 1398 1984; x_wconf 89' lang='lat' dir='ltr'>quod</span> <span class='ocrx_word' id='word_1_193' title='bbox 1430 1921 1484 1966; x_wconf 87' lang='lat' dir='ltr'>de</span> <span class='ocrx_word' id='word_1_194' title='bbox 1506 1924 1599 1967; x_wconf 87' lang='lat' dir='ltr'>Deo</span> 
     </span>
     <span class='ocr_line' id='line_1_25' title="bbox 218 1990 1600 2046; baseline 0 -9"><span class='ocrx_word' id='word_1_195' title='bbox 218 1992 380 2037; x_wconf 89' lang='lat' dir='ltr'>dicitur</span> <span class='ocrx_word' id='word_1_196' title='bbox 401 1990 640 2037; x_wconf 85' lang='lat' dir='ltr'>secundum</span> <span class='ocrx_word' id='word_1_197' title='bbox 659 1991 946 2036; x_wconf 81' lang='lat' dir='ltr'>substantiam</span> <span class='ocrx_word' id='word_1_198' title='bbox 965 1990 1075 2046; x_wconf 81' lang='lat' dir='ltr'>dici,</span> <span class='ocrx_word' id='word_1_199' title='bbox 1099 1991 1211 2036; x_wconf 88' lang='lat' dir='ltr'>sicut</span> <span class='ocrx_word' id='word_1_200' title='bbox 1231 1991 1469 2037; x_wconf 88' lang='lat' dir='ltr'>secundum</span> <span class='ocrx_word' id='word_1_201' title='bbox 1491 1992 1600 2037; x_wconf 90' lang='lat' dir='ltr'>sub-</span> 
     </span>
     <span class='ocr_line' id='line_1_26' title="bbox 218 2061 1600 2124; baseline 0.001 -17"><span class='ocrx_word' id='word_1_202' title='bbox 218 2063 415 2107; x_wconf 80' lang='lat' dir='ltr'>stantiam</span> <span class='ocrx_word' id='word_1_203' title='bbox 444 2062 605 2107; x_wconf 80' lang='lat' dir='ltr'>dicitur</span> <span class='ocrx_word' id='word_1_204' title='bbox 622 2062 767 2107; x_wconf 87' lang='lat' dir='ltr'>bonus</span> <span class='ocrx_word' id='word_1_205' title='bbox 788 2073 830 2106; x_wconf 91' lang='lat' dir='ltr'>et</span> <span class='ocrx_word' id='word_1_206' title='bbox 852 2079 1057 2121; x_wconf 80' lang='lat' dir='ltr'>magnus,</span> <span class='ocrx_word' id='word_1_207' title='bbox 1081 2073 1123 2106; x_wconf 89' lang='lat' dir='ltr'>et</span> <span class='ocrx_word' id='word_1_208' title='bbox 1148 2061 1180 2106; x_wconf 90' lang='lat' dir='ltr'>si</span> <span class='ocrx_word' id='word_1_209' title='bbox 1201 2061 1310 2124; x_wconf 83' lang='lat' dir='ltr'>quid</span> <span class='ocrx_word' id='word_1_210' title='bbox 1334 2063 1453 2107; x_wconf 84' lang='lat' dir='ltr'>aliud</span> <span class='ocrx_word' id='word_1_211' title='bbox 1478 2063 1531 2107; x_wconf 86' lang='lat' dir='ltr'>ad</span> <span class='ocrx_word' id='word_1_212' title='bbox 1559 2080 1600 2108; x_wconf 89' lang='lat' dir='ltr'>se</span> 
     </span>
     <span class='ocr_line' id='line_1_27' title="bbox 218 2130 1603 2186; baseline 0 -10"><span class='ocrx_word' id='word_1_213' title='bbox 218 2131 406 2186; x_wconf 80' lang='lat' dir='ltr'>dicitnr3</span> <span class='ocrx_word' id='word_1_214' title='bbox 429 2131 501 2176; x_wconf 86' lang='lat' dir='ltr'>sed</span> <span class='ocrx_word' id='word_1_215' title='bbox 522 2131 610 2176; x_wconf 77' lang='lat' dir='ltr'>clici</span> <span class='ocrx_word' id='word_1_216' title='bbox 636 2131 765 2175; x_wconf 86' lang='lat' dir='ltr'>etiam</span> <span class='ocrx_word' id='word_1_217' title='bbox 790 2131 986 2185; x_wconf 79' lang='lat' dir='ltr'>relative,</span> <span class='ocrx_word' id='word_1_218' title='bbox 1008 2130 1052 2175; x_wconf 86' lang='lat' dir='ltr'>id</span> <span class='ocrx_word' id='word_1_219' title='bbox 1072 2141 1150 2185; x_wconf 84' lang='lat' dir='ltr'>est,</span> <span class='ocrx_word' id='word_1_220' title='bbox 1175 2147 1263 2175; x_wconf 87' lang='lat' dir='ltr'>non</span> <span class='ocrx_word' id='word_1_221' title='bbox 1285 2131 1337 2175; x_wconf 88' lang='lat' dir='ltr'>ad</span> <span class='ocrx_word' id='word_1_222' title='bbox 1357 2148 1423 2185; x_wconf 82' lang='lat' dir='ltr'>se,</span> <span class='ocrx_word' id='word_1_223' title='bbox 1451 2131 1523 2176; x_wconf 89' lang='lat' dir='ltr'>sed</span> <span class='ocrx_word' id='word_1_224' title='bbox 1548 2131 1603 2177; x_wconf 90' lang='lat' dir='ltr'>ad</span> 
     </span>
     <span class='ocr_line' id='line_1_28' title="bbox 219 2199 1597 2264; baseline -0.001 -17"><span class='ocrx_word' id='word_1_225' title='bbox 219 2201 382 2264; x_wconf 86' lang='lat' dir='ltr'>aliquid</span> <span class='ocrx_word' id='word_1_226' title='bbox 406 2201 524 2264; x_wconf 83' lang='lat' dir='ltr'>quod</span> <span class='ocrx_word' id='word_1_227' title='bbox 548 2201 639 2263; x_wconf 77' lang='lat' dir='ltr'>ipse</span> <span class='ocrx_word' id='word_1_228' title='bbox 658 2217 745 2246; x_wconf 89' lang='lat' dir='ltr'>non</span> <span class='ocrx_word' id='word_1_229' title='bbox 768 2211 853 2253; x_wconf 82' lang='lat' dir='ltr'>est3</span> <span class='ocrx_word' id='word_1_230' title='bbox 884 2201 994 2245; x_wconf 88' lang='lat' dir='ltr'>sicut</span> <span class='ocrx_word' id='word_1_231' title='bbox 1017 2200 1147 2244; x_wconf 81' lang='lat' dir='ltr'>Pater</span> <span class='ocrx_word' id='word_1_232' title='bbox 1167 2199 1221 2243; x_wconf 83' lang='lat' dir='ltr'>ad</span> <span class='ocrx_word' id='word_1_233' title='bbox 1242 2199 1400 2244; x_wconf 87' lang='lat' dir='ltr'>Filium</span> <span class='ocrx_word' id='word_1_234' title='bbox 1418 2199 1597 2256; x_wconf 85' lang='lat' dir='ltr'>dicitur,</span> 
     </span>
     <span class='ocr_line' id='line_1_29' title="bbox 216 2269 1598 2333; baseline -0.001 -17"><span class='ocrx_word' id='word_1_235' title='bbox 216 2271 284 2316; x_wconf 89' lang='lat' dir='ltr'>vel</span> <span class='ocrx_word' id='word_1_236' title='bbox 304 2272 518 2315; x_wconf 80' lang='lat' dir='ltr'>Dominus</span> <span class='ocrx_word' id='word_1_237' title='bbox 543 2270 597 2315; x_wconf 82' lang='lat' dir='ltr'>ad</span> <span class='ocrx_word' id='word_1_238' title='bbox 624 2280 865 2315; x_wconf 82' lang='lat' dir='ltr'>creaturam</span> <span class='ocrx_word' id='word_1_239' title='bbox 890 2270 973 2314; x_wconf 89' lang='lat' dir='ltr'>sibi</span> <span class='ocrx_word' id='word_1_240' title='bbox 999 2270 1252 2314; x_wconf 74' lang='lat' dir='ltr'>servientem</span> <span class='ocrx_word' id='word_1_241' title='bbox 1273 2286 1283 2313; x_wconf 73' lang='grc' dir='ltr'>ε</span> <span class='ocrx_word' id='word_1_242' title='bbox 1318 2269 1397 2314; x_wconf 88' lang='lat' dir='ltr'>ubi</span> <span class='ocrx_word' id='word_1_243' title='bbox 1432 2270 1464 2314; x_wconf 91' lang='lat' dir='ltr'>si</span> <span class='ocrx_word' id='word_1_244' title='bbox 1492 2270 1598 2333; x_wconf 87' lang='lat' dir='ltr'>quid</span> 
     </span>
     <span class='ocr_line' id='line_1_30' title="bbox 217 2339 1599 2402; baseline 0 -17"><span class='ocrx_word' id='word_1_245' title='bbox 217 2340 390 2385; x_wconf 83' lang='lat' dir='ltr'>relative</span> <span class='ocrx_word' id='word_1_246' title='bbox 411 2377 422 2395; x_wconf 82' lang='grc'>,</span> <span class='ocrx_word' id='word_1_247' title='bbox 445 2340 487 2385; x_wconf 84' lang='lat' dir='ltr'>id</span> <span class='ocrx_word' id='word_1_248' title='bbox 511 2350 588 2391; x_wconf 81' lang='lat' dir='ltr'>est,</span> <span class='ocrx_word' id='word_1_249' title='bbox 611 2339 776 2401; x_wconf 84' lang='lat' dir='ltr'>aliquid</span> <span class='ocrx_word' id='word_1_250' title='bbox 795 2339 913 2402; x_wconf 89' lang='lat' dir='ltr'>quod</span> <span class='ocrx_word' id='word_1_251' title='bbox 937 2340 1029 2401; x_wconf 87' lang='lat' dir='ltr'>ipse</span> <span class='ocrx_word' id='word_1_252' title='bbox 1052 2356 1139 2383; x_wconf 90' lang='lat' dir='ltr'>non</span> <span class='ocrx_word' id='word_1_253' title='bbox 1167 2349 1252 2393; x_wconf 86' lang='lat' dir='ltr'>est,</span> <span class='ocrx_word' id='word_1_254' title='bbox 1281 2340 1406 2384; x_wconf 83' lang='lat' dir='ltr'>etiam</span> <span class='ocrx_word' id='word_1_255' title='bbox 1425 2358 1470 2384; x_wconf 71' lang='lat' dir='ltr'>ex</span> <span class='ocrx_word' id='word_1_256' title='bbox 1488 2351 1599 2385; x_wconf 88' lang='lat' dir='ltr'>tem-</span> 
     </span>
     <span class='ocr_line' id='line_1_31' title="bbox 217 2408 1600 2473; baseline 0.001 -18"><span class='ocrx_word' id='word_1_257' title='bbox 217 2426 322 2473; x_wconf 83' lang='lat' dir='ltr'>pore</span> <span class='ocrx_word' id='word_1_258' title='bbox 341 2408 503 2454; x_wconf 89' lang='lat' dir='ltr'>dicitur</span> <span class='ocrx_word' id='word_1_259' title='bbox 523 2446 534 2464; x_wconf 80' lang='grc'>,</span> <span class='ocrx_word' id='word_1_260' title='bbox 563 2409 688 2454; x_wconf 89' lang='lat' dir='ltr'>sicuti</span> <span class='ocrx_word' id='word_1_261' title='bbox 709 2419 771 2454; x_wconf 88' lang='lat' dir='ltr'>est</span> <span class='ocrx_word' id='word_1_262' title='bbox 795 2427 805 2453; x_wconf 91' lang='lat'>:</span> <span class='ocrx_word' id='word_1_263' title='bbox 836 2431 856 2450; x_wconf 85' lang='lat'>«</span> <span class='ocrx_word' id='word_1_264' title='bbox 882 2409 1068 2453; x_wconf 89' lang='lat' dir='ltr'>Domine</span> <span class='ocrx_word' id='word_1_265' title='bbox 1086 2446 1097 2464; x_wconf 83' lang='lat'>‚</span> <span class='ocrx_word' id='word_1_266' title='bbox 1136 2408 1350 2468; x_wconf 88' lang='lat' dir='ltr'>refugium</span> <span class='ocrx_word' id='word_1_267' title='bbox 1395 2409 1535 2455; x_wconf 83' lang='lat' dir='ltr'>factus</span> <span class='ocrx_word' id='word_1_268' title='bbox 1558 2427 1600 2456; x_wconf 89' lang='lat' dir='ltr'>es</span> 
     </span>
     <span class='ocr_line' id='line_1_32' title="bbox 219 2478 1600 2540; baseline 0.003 -19"><span class='ocrx_word' id='word_1_269' title='bbox 219 2502 239 2521; x_wconf 86' lang='grc'>»</span> <span class='ocrx_word' id='word_1_270' title='bbox 262 2478 435 2533; x_wconf 77' lang='lat' dir='ltr'>nobis1‚</span> <span class='ocrx_word' id='word_1_271' title='bbox 461 2501 480 2520; x_wconf 69' lang='grc' dir='ltr'>υ</span> <span class='ocrx_word' id='word_1_272' title='bbox 504 2478 615 2524; x_wconf 86' lang='lat' dir='ltr'>nihil</span> <span class='ocrx_word' id='word_1_273' title='bbox 645 2479 683 2523; x_wconf 90' lang='lat' dir='ltr'>ei</span> <span class='ocrx_word' id='word_1_274' title='bbox 719 2478 915 2523; x_wconf 84' lang='lat' dir='ltr'>accidere</span> <span class='ocrx_word' id='word_1_275' title='bbox 953 2494 1040 2540; x_wconf 90' lang='lat' dir='ltr'>quo</span> <span class='ocrx_word' id='word_1_276' title='bbox 1066 2488 1283 2533; x_wconf 82' lang='lat' dir='ltr'>mutetur,</span> <span class='ocrx_word' id='word_1_277' title='bbox 1319 2478 1391 2523; x_wconf 88' lang='lat' dir='ltr'>sed</span> <span class='ocrx_word' id='word_1_278' title='bbox 1425 2480 1600 2525; x_wconf 87' lang='lat' dir='ltr'>omnino</span> 
     </span>
     <span class='ocr_line' id='line_1_33' title="bbox 217 2547 1590 2612; baseline 0.001 -17"><span class='ocrx_word' id='word_1_279' title='bbox 217 2551 360 2612; x_wconf 87' lang='lat' dir='ltr'>ipsum</span> <span class='ocrx_word' id='word_1_280' title='bbox 376 2549 423 2593; x_wconf 89' lang='lat' dir='ltr'>in</span> <span class='ocrx_word' id='word_1_281' title='bbox 437 2558 592 2593; x_wconf 82' lang='lat' dir='ltr'>natura</span> <span class='ocrx_word' id='word_1_282' title='bbox 611 2547 677 2593; x_wconf 71' lang='lat' dir='ltr'>vel</span> <span class='ocrx_word' id='word_1_283' title='bbox 698 2548 873 2593; x_wconf 88' lang='lat' dir='ltr'>essentia</span> <span class='ocrx_word' id='word_1_284' title='bbox 891 2564 965 2593; x_wconf 87' lang='lat' dir='ltr'>sua</span> <span class='ocrx_word' id='word_1_285' title='bbox 990 2547 1305 2594; x_wconf 83' lang='lat' dir='ltr'>immutabilem</span> <span class='ocrx_word' id='word_1_286' title='bbox 1326 2565 1590 2611; x_wconf 83' lang='lat' dir='ltr'>permanere.</span> 
     </span>
    </p>
   </div>
   <div class='ocr_carea' id='block_1_3' title="bbox 267 2631 585 2672">
    <p class='ocr_par' dir='ltr' id='par_1_4' title="bbox 267 2631 585 2672">
     <span class='ocr_line' id='line_1_34' title="bbox 267 2631 585 2672; baseline -0.009 -8"><span class='ocrx_word' id='word_1_287' title='bbox 267 2631 375 2664; x_wconf 66' lang='grc' dir='ltr'>ΙΡεειΙ.</span> <span class='ocrx_word' id='word_1_288' title='bbox 399 2642 532 2672; x_wconf 58' lang='lat' dir='ltr'>mxxxix,</span> <span class='ocrx_word' id='word_1_289' title='bbox 560 2642 585 2661; x_wconf 87' lang='lat'>1.</span> 
     </span>
    </p>
   </div>
  </div>
 </body>
</html>
