1894 3154
332 297 504 327 CONTRA
540 283 1117 336 EPISTOLxM'PMMEMANI,
1157 299 1243 328 Lm.
1285 300 1355 330 111.
1464 284 1554 330 205

186 361 316 407 dibus
339 371 563 424 raperent,
591 360 731 405 usuris
748 361 1144 424 multiplicantibus
1166 362 1310 408 foenus
1331 374 1551 422 augerent,

185 448 342 494 panem
368 431 543 475 Domini
563 431 890 476 manducabant
908 468 918 486 ‚
946 441 986 476 et
1006 430 1186 476 calicem
1208 431 1451 477 bibebant?

251 501 329 547 IX.
361 500 428 544 An
450 500 560 546 forte
584 518 718 563 parva
745 511 845 546 sunt
872 501 952 547 ista
975 502 1156 546 crimina
1175 538 1185 558 ,
1213 512 1255 547 et
1283 502 1409 565 parvi
1435 504 1554 547 aesti-

185 570 370 615 manda?
397 570 545 615 Solent
563 571 678 616 enim
697 571 767 616 isti
797 571 924 616 etiam
944 571 1030 617 1100
1054 571 1196 617 dicere
1211 609 1222 628 ,
1256 583 1483 635 pensantes
1508 590 1556 618 ea

185 641 332 687 nonin
358 652 513 687 statera
531 659 654 705 aequa
679 641 925 687 divinarum
949 643 1293 706 Scripturarum,
1317 643 1389 689 sed
1406 643 1451 688 in
1466 653 1556 689 sta-

186 721 276 756 tera
295 711 444 757 dolosa
469 712 835 757 consuetudinum
864 729 1052 760 suarum.
1079 713 1310 776 Quidquid
1332 714 1446 759 enim
1466 732 1560 759 sce-

185 781 284 826 leris
310 793 352 826 et
370 781 612 844 iniquitatis
636 782 823 827 inebriat
846 782 1169 828 multitudinem
1185 820 1196 839 ,
1221 783 1381 828 amittit
1399 784 1560 829 exami-

187 851 252 895 nis
290 851 528 897 veritatem.
576 851 661 897 Sed
694 852 791 897 ideo
834 863 934 897 sunt
975 863 1181 915 tanquam
1222 853 1558 898 sincerissimum

186 920 411 983 speculum
436 922 658 984 proposita
682 922 935 968 hominibus
967 923 1141 968 oracula
1165 923 1405 968 coelestium
1430 924 1559 986 pagi-

186 1008 338 1036 narum
354 1029 364 1046 ‚
394 1002 443 1036 ut
462 993 525 1036 ibi
549 993 730 1056 quisque
754 993 898 1038 videat
921 993 1151 1056 quodlibet
1171 1004 1402 1056 peccatum
1421 1011 1558 1057 quan-

187 1072 278 1107 tum
296 1062 366 1118 sit,
385 1062 504 1124 quod
522 1062 630 1108 forte
649 1080 855 1123 magnum
879 1074 940 1109 est
957 1101 967 1120 ‚
989 1074 1031 1109 et
1053 1063 1163 1109 male.
1179 1063 1417 1109 viventium
1439 1081 1556 1110 caeco

188 1149 305 1177 more
329 1134 634 1179 contemnitur.
666 1134 898 1179 Potuit-ne
919 1134 1089 1193 gravius
1107 1133 1266 1178 dix-inis
1284 1133 1467 1196 eloquiis
1493 1152 1559 1180 ac-

189 1202 330 1247 cusari
371 1202 549 1247 avaritia
565 1240 575 1259 ,
622 1220 757 1266 quam
796 1213 844 1248 ut
887 1203 1147 1249 idololatriae
1196 1203 1563 1250 demonstraretur

189 1272 367 1335 {equalis
384 1309 395 1327 ,
418 1283 458 1317 01
483 1277 573 1332 ejus
594 1274 766 1319 nomine
789 1274 1104 1336 appellaretur,
1128 1273 1297 1320 dicente
1316 1276 1524 1338 Apostolo
1548 1294 1558 1321 z

189 1363 209 1382 α
233 1342 287 1386 Et
313 1342 513 1398 avaritia,
553 1360 651 1405 quae
682 1354 744 1388 est
765 1343 983 1389 idolorum
1007 1343 1244 1389 servitus'lP
1275 1366 1295 1386 >³
1329 1346 1563 1391 Potuit-ne

188 1413 343 1471 majori
365 1430 498 1475 poena
523 1412 652 1472 digna
679 1413 892 1473 judicari,
923 1431 1055 1477 quam
1081 1425 1129 1460 ut
1150 1415 1261 1460 inter
1279 1415 1356 1460 illa
1379 1416 1562 1462 crimina

189 1493 421 1544 poneretur
438 1519 448 1536 ,
475 1483 636 1544 quibus
654 1483 812 1528 obsessi
831 1501 1008 1542 regnum
1034 1484 1112 1529 Dei
1132 1502 1220 1529 nou
1242 1485 1561 1547 possidebunt?

190 1553 452 1614 Aperiantur
469 1552 586 1597 oculi
608 1553 750 1598 cordis
765 1590 775 1602 ,
802 1571 854 1598 110
877 1553 1033 1598 frustra
1058 1565 1235 1616 pateant
1259 1554 1376 1600 oculi
1396 1571 1563 1617 corpo-

191 1623 249 1667 ris
266 1659 276 1677 ,
303 1633 344 1667 et
370 1623 514 1682 legant
544 1622 875 1685 praedicatorem
909 1623 1095 1668 liberum
1120 1624 1309 1668 veritatis
1345 1624 1391 1668 in
1413 1624 1564 1669 eadem

192 1693 286 1755 ipsa
309 1693 451 1755 prima
475 1692 530 1737 ad
560 1693 810 1738 Corinthios
835 1693 1028 1756 Epistola
1053 1693 1313 1739 scribentem
1337 1710 1348 1738 :
1382 1714 1403 1734 «
1423 1693 1566 1739 Nolite

193 1783 215 1804 >2
233 1780 395 1819 errare,
422 1780 559 1826 neque
579 1763 800 1808 fornicarii
818 1800 828 1819 ‚
852 1780 989 1827 neque
1006 1763 1133 1809 idolis
1153 1764 1380 1809 servientes
1395 1800 1406 1821 ,
1426 1781 1566 1827 neque

194 1853 216 1874 »
236 1832 419 1878 adulteri
436 1870 446 1888 ‚
474 1850 612 1896 neque
631 1833 780 1878 molles
797 1870 807 1888 ‚
830 1850 969 1895 neque
990 1833 1282 1879 masculorum
1308 1834 1565 1879 concubito-

195 1921 325 1959 »res‚
357 1921 495 1967 neque
525 1903 663 1958 fures,
696 1920 835 1966 neque
871 1903 1015 1958 avari,
1043 1921 1182 1967 neque
1215 1903 1398 1960 ebriosi,
1425 1921 1565 1966 neque

195 1994 216 2016 >2
234 1973 455 2029 maledici,
486 1990 624 2036 neque
647 1990 822 2036 rapaces
838 2011 848 2029 ‚
871 1990 1051 2033 regnum
1083 1973 1161 2018 Dei
1189 1973 1519 2036 possidebunt2.
1545 1995 1565 2015 2>

197 2044 429 2100 Quomodo
446 2061 546 2103 ergo
577 2044 822 2106 Cyprianus
836 2054 877 2087 et
900 2043 982 2088 alia
1001 2042 1152 2088 similia
1177 2043 1394 2088 frumenta
1415 2043 1567 2088 Domi-

195 2115 292 2160 nica
315 2115 361 2159 111
381 2114 455 2159 illa
478 2125 584 2159 tunc
607 2114 784 2158 unitatis
809 2113 1000 2158 Ecclesia
1029 2129 1130 2157 cum
1155 2113 1291 2157 avaris
1322 2123 1363 2158 et
1392 2113 1568 2175 rapaci-

195 2184 297 2238 bus,
318 2201 419 2229 cum
435 2184 504 2229 his
518 2184 594 2246 qui
614 2200 794 2242 regnum
812 2183 891 2228 Dei
909 2199 996 2227 non
1012 2181 1298 2244 possidebunt
1310 2218 1321 2237 ‚
1343 2199 1433 2227 non
1448 2181 1570 2227 laicis

195 2254 265 2300 vel
287 2255 638 2317 quibuscumque
665 2253 854 2309 clericis,
878 2252 952 2298 sed
976 2263 1016 2297 et
1041 2252 1145 2315 ipsis
1170 2253 1385 2316 episcopis
1407 2270 1568 2315 panem

199 2325 376 2371 Domini
409 2324 763 2379 manducabant,
800 2334 841 2368 et
871 2323 1051 2368 calicem
1085 2324 1261 2368 Domini
1295 2323 1566 2376 bibebant33

198 2413 299 2441 cum
329 2395 447 2441 idem
476 2395 708 2459 Apostolus
736 2394 967 2457 praecipiat
991 2411 1078 2438 non
1113 2394 1171 2438 eis
1202 2393 1499 2450 commisceri,
1528 2405 1571 2439 et

198 2465 355 2511 clamet
377 2482 477 2511 cum
501 2464 714 2525 ejusmodi
741 2481 820 2509 nec
853 2464 1002 2509 cibum
1026 2467 1220 2510 sumere?
1256 2466 1324 2510 An
1357 2464 1460 2527 quia
1481 2481 1570 2509 non

199 2546 400 2599 poterant
423 2536 479 2581 ab
505 2536 562 2580 eis
591 2533 874 2598 corporaliter
907 2535 1121 2597 separari,
1152 2552 1204 2581 110
1227 2535 1357 2581 simul
1374 2534 1571 2581 eradica-

251 2619 260 2641 ¹
277 2619 398 2652 Coloss.
416 2630 465 2655 111,
487 2620 518 2650 5.
536 2635 579 2641 —-
599 2617 614 2639 2
632 2630 643 2649 1
663 2621 735 2650 Cor.
749 2629 793 2657 w,
815 2629 851 2659 9.
869 2636 909 2642 -
931 2615 945 2639 3
968 2618 1016 2650 Id.
1035 2629 1066 2662 v,
1082 2630 1115 2660 9.
