1894 3154
334 225 429 285 394
753 240 789 270 s.
830 239 1076 271 mensum
1112 238 1315 270 Erlscom

333 324 354 345 >2
372 303 467 366 quis
489 314 660 352 renatus
687 304 818 352 fuerit
845 323 891 352 ex
916 322 1027 370 aqua
1053 316 1095 351 et
1119 304 1285 368 Spiritu
1310 314 1456 350 sancto
1472 342 1483 362 ‚
1505 322 1593 351 non
1615 323 1697 370 po-

333 395 353 414 »
372 385 453 419 test
473 375 651 422 introire
666 376 711 422 in
730 394 908 437 regnum
930 374 1054 422 Deil.
1079 397 1099 417 »
1122 375 1206 421 Hic
1223 385 1284 420 est
1312 376 1522 438 Spiritus,
1550 377 1626 439 qui
1644 377 1700 423 ab

332 444 456 490 initio
480 445 698 492 ferebatur
721 464 851 510 super
868 447 1070 510 aquam2.
1099 448 1246 509 Neque
1271 446 1386 491 enim
1409 446 1598 509 Spiritus
1613 448 1702 493 sine

333 531 443 576 aqua
468 518 637 578 operari
661 528 829 579 potest,
856 534 993 579 neque
1017 533 1127 579 aqua
1151 517 1239 560 sine
1259 516 1439 578 Spiritu.
1470 516 1583 562 Male
1601 534 1701 577 ergo

333 585 416 629 sibi
439 586 617 648 quidam
640 588 979 651 interpretantur
996 623 1007 643 ‚
1035 597 1083 632 ut
1103 586 1252 631 dicant
1268 621 1278 641 ,
1301 586 1420 648 quod
1445 603 1523 649 per
1549 604 1701 633 manus

330 654 648 717 impositionem
681 659 892 720 Spiritum
919 668 1115 702 sanctum
1143 656 1387 719 accipiant,
1424 667 1466 701 et
1499 657 1558 703 sic
1588 658 1702 704 reci-

330 725 531 786 piantur3
574 744 673 773 cum
709 728 985 773 manifestum
1025 729 1078 773 sit
1111 738 1294 790 utroque
1325 739 1591 773 sacramento
1621 728 1701 774 de-

329 793 432 839 bere
466 813 534 841 eos
580 798 745 842 renasci
783 798 828 842 in
867 797 1057 843 Ecclesia
1098 797 1329 844 catholica.
1370 798 1496 843 Tunc
1535 798 1702 861 quippe

327 875 536 926 poterunt
558 868 635 913 filii
651 869 729 913 Dei
747 885 832 913 esse
850 905 861 923 ,
889 868 1061 913 dicente
1077 868 1285 931 Apostolo
1308 885 1318 912 :
1344 889 1364 909 «
1385 872 1595 914 Curantes
1618 885 1701 914 ser-

330 955 351 975 »
371 951 469 983 vare
488 938 693 984 unitatem
717 939 905 1001 Spiritus
921 939 967 984 in
989 940 1295 998 conjunctione
1317 939 1438 1002 pacis
1453 938 1469 967 ‘⁹’
1492 956 1503 983 ε
1525 960 1546 980 »
1564 955 1700 985 unum

328 1022 487 1069 corpus
511 1019 552 1053 et
577 1026 687 1054 unus
709 1010 910 1072 spiritUS,
931 1010 1042 1055 sicut
1064 1010 1207 1056 vocati
1225 1010 1322 1055 estis
1339 1011 1385 1055 in
1408 1026 1494 1055 una
1515 1027 1591 1073 spe
1619 1027 1701 1056 vo-

329 1078 507 1123 cationi-s
527 1090 705 1133 vestrae3
736 1097 847 1125 unus
874 1081 1085 1125 Dominus
1103 1117 1113 1136 ‚
1148 1097 1233 1125 una
1266 1080 1371 1124 fides
1387 1117 1398 1135 ‚
1421 1097 1559 1125 unum
1583 1080 1702 1143 bap-

329 1146 452 1192 tisma
471 1184 481 1203 ‚
512 1166 623 1194 unus
646 1151 774 1196 Deus.
807 1151 915 1195 Haec
933 1151 1075 1195 onmia
1100 1150 1289 1197 Ecclesia
1310 1150 1530 1196 catholica
1553 1150 1702 1214 loqui-

330 1226 412 1263 tur.
464 1221 519 1263 Et
554 1220 712 1265 iterum
739 1220 785 1265 in
825 1221 1060 1280 Evangelio
1085 1220 1194 1267 dicit
1218 1239 1228 1266 x
1256 1242 1276 1262 «
1299 1220 1431 1276 Quod
1466 1231 1616 1266 natum
1639 1232 1701 1267 est

324 1307 346 1328 >³
365 1287 417 1332 de
441 1304 567 1334 carne
582 1326 593 1344 ,
621 1307 721 1335 caro
745 1301 832 1343 est3
855 1301 897 1335 et
923 1290 1042 1353 quod
1060 1302 1210 1336 natum
1228 1300 1289 1336 est
1307 1290 1359 1336 de
1381 1290 1548 1352 Spiritu
1564 1328 1575 1347 ‚
1605 1291 1701 1354 spi-

325 1376 346 1396 »
363 1357 471 1402 ritus
495 1369 556 1403 est
579 1376 588 1403 :
616 1360 821 1422 quoniam
844 1360 1032 1423 Spiritus
1057 1363 1172 1406 Deus
1199 1372 1286 1416 est,
1314 1371 1357 1405 et
1379 1359 1432 1406 de
1452 1363 1542 1407 Deo
1567 1372 1695 1407 natus

323 1446 344 1467 »
362 1427 466 1474 θεῖά.
492 1449 511 1469 »
534 1429 647 1488 Ergo
671 1447 815 1476 omnes
839 1431 1037 1477 haeretici
1060 1443 1101 1476 et
1123 1431 1390 1477 schismatici
1409 1432 1553 1477 onmia
1574 1449 1694 1495 quae-

321 1513 512 1560 cumque
530 1498 698 1545 faciunt
721 1500 909 1546 carnalia
930 1512 1051 1558 sunt,
1085 1501 1255 1547 dicente
1279 1502 1489 1565 Apostolo
1511 1519 1522 1548 ς
1550 1523 1571 1543 «
1590 1504 1695 1549 -Ma-

323 1587 342 1606 >2
360 1566 511 1613 nifesta
529 1580 628 1614 sunt
650 1571 763 1615 enim
788 1588 918 1633 opera
939 1572 1077 1616 carnis
1094 1609 1104 1627 ,
1126 1589 1226 1635 quae
1246 1583 1348 1617 sunt
1368 1572 1691 1629 fornicationes,

321 1637 654 1685 »immunditiae
674 1677 684 1695 ‚
710 1641 898 1687 incestus
915 1679 926 1697 ,
959 1642 1242 1698 idololatrum
1278 1643 1510 1700 veneficia,
1546 1644 1696 1690 inimi-

322 1728 341 1747 »
360 1708 473 1754 citiae
492 1746 502 1765 ,
538 1711 774 1756 certamina
792 1749 802 1767 ,
832 1712 945 1758 zelus
959 1749 971 1768 ‚
998 1713 1061 1758 ira
1078 1750 1088 1767 ‚
1117 1713 1350 1759 divisiones
1368 1750 1379 1769 ‚
1414 1714 1597 1760 haereses
1616 1752 1627 1771 ‚
1654 1726 1694 1760 et

320 1797 339 1816 >2
360 1777 429 1822 his
451 1778 606 1824 similia
625 1817 635 1836 ,
665 1780 718 1826 de
743 1782 904 1845 quibus
928 1782 1110 1845 praedixi
1146 1784 1272 1829 vobis
1290 1821 1302 1840 ‚
1332 1784 1444 1829 sicut
1467 1785 1664 1848 praedico
1680 1823 1690 1842 ,

319 1867 340 1886 »
359 1849 563 1908 quoniam
597 1851 866 1914 quicumque
905 1853 1003 1898 haec
1035 1853 1227 1911 faciunt,
1269 1871 1452 1914 regnum
1493 1856 1572 1901 Dei
1608 1873 1695 1901 non

317 1934 338 1955 »
357 1915 728 1966 haereditabunt5.
756 1942 776 1962 »
798 1921 1075 1968 Condemnat
1092 1940 1216 1985 aeque
1235 1924 1469 1986 Apostolus
1487 1940 1587 1970 cum
1605 1942 1695 1971 om-

317 1984 446 2030 nibus
469 1987 593 2032 malis
613 1998 655 2032 et
680 2006 748 2034 eos
767 1990 843 2051 qui
860 1989 1115 2036 divisionem
1139 1991 1332 2049 faciunt,
1353 1993 1440 2039 hoc
1459 2004 1536 2049 est,
1560 1995 1695 2041 schis-

317 2056 496 2102 maticos
522 2068 564 2102 et
587 2058 831 2107 haereticos.
867 2061 957 2106 Nisi
985 2078 1084 2122 ergo
1109 2064 1358 2126 acceperint
1381 2064 1599 2128 baptisma
1622 2083 1694 2112 sa-

317 2126 453 2171 lutare
477 2127 524 2172 in
551 2128 744 2174 Ecclesia
767 2130 987 2177 catholica
1006 2149 1106 2195 quae
1138 2150 1224 2179 una
1247 2144 1339 2190 est,
1366 2134 1473 2180 salvi
1496 2153 1580 2182 esse
1605 2155 1693 2184 non

318 2207 525 2257 possunt,
557 2198 630 2243 sed
653 2216 755 2245 cum
781 2200 1028 2248 carnalibus
1050 2203 1095 2248 in
1113 2204 1283 2263 judicio
1304 2205 1484 2251 Domini
1506 2206 1693 2255 damna-

320 2266 503 2313 buntur.
531 2268 577 2329 n)

377 2337 497 2384 XIX.
541 2337 817 2388 Nemesianus
842 2360 865 2388 a
890 2344 1089 2390 Tubunis
1113 2346 1249 2393 multa
1281 2349 1429 2410 posuit
1447 2348 1692 2397 testimonia

313 2406 640 2471 Scripturarum
664 2426 675 2454 :
702 2411 776 2457 sed
804 2429 885 2477 pro
919 2416 1128 2462 sententia
1153 2417 1422 2475 Catholicae,
1451 2427 1586 2484 quam
1611 2421 1692 2468 de-

359 2505 367 2524 ¹
385 2504 481 2535 Joa'n.
496 2515 543 2542 111,
563 2505 594 2537 5.
607 2521 652 2528 —
669 2503 684 2527 ²
701 2508 783 2540 Gen.
808 2520 837 2550 1,
867 2521 898 2545 2,
913 2528 956 2538 ....
970 2509 986 2536 3
1002 2511 1120 2557 ΕΡὴρς,
1142 2516 1231 2554 1533·
1251 2526 1295 2540 ..ᾗ
1313 2512 1327 2537 4
1353 2518 1452 2551 Joan·
1469 2527 1524 2562 m,
1545 2517 1580 2561 6,
1601 2524 1632 2550 et
1647 2529 1692 2551 Π,

312 2562 371 2594 24.
389 2574 431 2581 --
447 2555 461 2580 5
479 2557 583 2590 Galat.
604 2569 658 2596 111,
677 2570 730 2600 ¹9·
