1894 3154
603 275 658 305 DE
693 273 952 315 TRINITATE,
990 274 1077 305 LlB.
1119 275 1191 304 XV,
1527 274 1579 321 71

211 340 310 386 inde
331 350 569 402 utcumque
589 339 725 385 simile
745 349 807 385 est
822 339 867 384 in
887 338 974 385 hoc
994 338 1222 398 aenigmate
1237 336 1302 383 illi
1318 336 1463 384 Verbo
1483 338 1583 396 Dei,

213 410 333 474 quod
356 409 483 455 etiam
512 411 627 455 Deus
651 420 738 466 est,
766 409 974 473 quoniam
999 409 1059 454 sic
1084 419 1125 454 et
1143 408 1230 453 hoc
1249 407 1302 453 de
1322 418 1467 452 nostra
1483 426 1587 453 nas-

213 481 347 534 citur,
376 479 745 543 quemadmodum
772 491 814 525 et
842 479 954 525 illud
981 479 1034 525 de
1065 478 1244 525 scientia
1273 478 1414 523 Patris
1436 488 1589 523 natum

212 560 313 595 est:
355 560 551 595 nostrum
584 567 684 610 ergo
721 550 802 595 tale
835 550 1045 605 verbum,
1080 548 1200 612 quod
1229 548 1473 594 invenimus
1503 564 1590 592 esse

212 630 449 684 utcumque
471 621 535 666 illi
560 620 696 667 simile
717 659 727 678 ‚
756 631 970 684 quantum
1002 621 1056 666 sit
1092 621 1221 666 etiam
1247 618 1452 664 dissimile
1475 618 1588 664 sicut

213 708 236 736 a
258 691 383 735 nobis
408 690 496 736 diei
519 692 738 754 potuerit,
762 708 850 737 non
866 691 1012 754 pigeat
1031 690 1204 736 intueri.
1241 688 1470 752 Numquid
1488 705 1588 735 ver-

211 760 318 805 bum
350 771 546 806 nostrum
578 760 632 806 (le
669 761 757 807 sola
792 761 970 807 scientia
1001 771 1146 806 nostra
1176 758 1400 805 nascitur?
1435 759 1591 803 Nonne

212 830 350 874 multa
369 830 555 876 dicimus
578 831 707 877 etiam
738 848 838 894 quae
867 830 1113 876 nescimus?
1138 829 1228 874 Nec
1257 828 1507 873 dubitantes
1542 844 1593 872 ea

213 901 400 946 dicimus
414 938 424 957 ‚
447 901 520 947 sed
536 919 635 948 vera
651 920 737 948 esse
753 903 1012 947 arbitrantes
1032 919 1043 946 ε
1064 917 1163 964 quae
1176 900 1285 945 forte
1299 899 1334 943 si
1349 915 1450 944 vera
1467 909 1587 953 sunt,

211 971 255 1015 in
277 971 380 1033 ipsis
404 971 532 1016 rebus
551 971 604 1016 de
624 972 784 1034 quibus
803 971 1026 1033 loquimur
1043 1007 1054 1026 ‚
1091 987 1180 1015 non
1207 969 1254 1014 in
1283 967 1419 1014 verbo
1439 977 1589 1012 nostro

211 1056 313 1086 vera
337 1050 462 1093 sunt3
490 1041 593 1104 quia
612 1041 797 1087 verbum
821 1057 971 1086 verum
995 1057 1083 1085 non
1105 1049 1190 1095 est,
1227 1038 1309 1083 nisi
1329 1035 1448 1100 quod
1472 1036 1526 1082 de
1544 1052 1590 1081 re

213 1126 312 1173 quae
330 1111 485 1166 scitur,
517 1111 721 1170 gignitur.
754 1111 926 1156 Falsum
943 1120 1006 1156 est
1022 1127 1122 1170 ergo
1146 1109 1226 1155 isto
1245 1107 1377 1154 modo
1403 1106 1592 1154 verbum

213 1191 408 1226 nostrum
427 1218 437 1233 ‚
465 1197 553 1226 non
576 1198 677 1227 cum
711 1181 974 1236 mentimur,
1011 1180 1085 1226 sed
1109 1196 1212 1225 cum
1234 1177 1442 1224 fallimur.
1473 1177 1589 1222 Cum

215 1261 355 1296 autem
377 1251 631 1297 dubitamus
650 1289 661 1308 ,
690 1251 887 1297 nondum
907 1261 969 1296 est
984 1250 1170 1296 verbum
1190 1249 1243 1294 de
1265 1265 1310 1294 re
1325 1247 1378 1293 de
1401 1264 1488 1310 qua
1511 1246 1593 1291 du-

213 1320 426 1376 bitamus‚
454 1321 527 1366 sed
561 1321 614 1366 de
637 1321 731 1384 ipsa
756 1321 1030 1366 dubitatione
1055 1319 1242 1366 verbum
1268 1328 1343 1364 est.
1380 1315 1593 1373 Quamvis

214 1391 329 1436 enim
346 1408 435 1437 non
458 1392 704 1438 noverimus
739 1410 794 1438 an
817 1408 965 1437 verum
991 1391 1045 1436 sit
1067 1389 1183 1436 unde
1211 1388 1464 1434 dubitamus
1482 1424 1493 1443 ,
1520 1397 1593 1432 ta-

215 1478 314 1506 men
344 1460 549 1507 dubitare
577 1479 654 1507 nos
682 1462 883 1508 novimus
906 1479 916 1506 :
950 1478 999 1506 ac
1021 1478 1100 1524 per
1127 1460 1215 1505 1106
1239 1475 1339 1505 611111
1369 1458 1457 1503 1106
1477 1456 1594 1502 dici-

215 1547 310 1576 mus
325 1567 337 1586 ,
364 1548 514 1577 verum
537 1532 721 1577 verbum
739 1542 801 1577 est
818 1552 829 1586 ;
858 1531 1065 1595 quoniam
1083 1529 1203 1594 quod
1222 1529 1422 1574 novimus
1439 1565 1450 1583 ‚
1475 1526 1592 1572 dici-

215 1617 326 1647 mus.
363 1601 483 1657 Quid
515 1602 633 1664 quod
664 1602 793 1648 etiam
827 1601 1001 1646 mentiri
1032 1602 1294 1663 possumus?
1329 1597 1463 1653 Quod
1490 1613 1593 1641 cum

214 1669 397 1716 facimus
413 1708 423 1726 ‚
446 1672 597 1734 utique
614 1671 805 1717 volentes
824 1681 865 1716 et
881 1671 1060 1716 seientes
1077 1669 1233 1715 falsum
1251 1668 1437 1714 verbum
1454 1666 1593 1711 habe-

216 1758 311 1786 mus
333 1759 343 1785 :
370 1741 449 1786 ubi
471 1758 623 1788 verum
644 1742 830 1788 verbum
855 1752 917 1787 est
931 1740 1107 1786 mentiri
1124 1756 1201 1785 nos
1220 1759 1231 1793 ;
1259 1738 1348 1784 hoc
1372 1736 1488 1782 enim
1506 1736 1594 1781 sci—

215 1828 326 1858 mus,
361 1813 416 1856 Et
443 1828 545 1857 cum
568 1812 770 1857 mentitos
789 1829 868 1856 nos
886 1828 971 1857 esse
994 1811 1255 1856 confitemur
1271 1846 1281 1864 ,
1312 1803 1596 1853 verum'dici-

215 1898 341 1934 mus3
370 1880 488 1943 quod
520 1882 679 1927 scimus
707 1882 824 1928 enim
855 1881 1068 1938 dieimus3
1103 1879 1263 1925 scimus
1300 1893 1490 1940 namque
1518 1892 1597 1921 nos

217 1967 302 1996 esse
320 1951 536 1997 mentitos.
562 1950 758 1997 Verbum
781 1961 924 1997 autem
949 1950 1060 1996 illud
1078 1949 1198 2014 quod
1223 1958 1284 1994 est
1307 1948 1423 1993 Deus
1443 1957 1484 1992 et
1507 1962 1596 2009 po-

216 2021 375 2067 tentius
400 2032 461 2066 est
482 2021 610 2067 nobis
628 2059 640 2078 ‚
664 2022 752 2067 hoe
770 2038 859 2067 non
877 2031 1033 2084 potest.
1059 2042 1079 2063 «
1096 2022 1197 2067 Non
1217 2019 1333 2065 enim
1361 2027 1505 2081 potest
1525 2017 1597 2061 fa-

217 2112 238 2134 »
256 2109 351 2138 cere
367 2092 611 2156 quidquam
630 2129 641 2149 ,
660 2093 742 2138 nisi
761 2092 886 2157 quod
903 2092 1060 2138 viderit
1075 2093 1251 2137 Patrem
1264 2089 1495 2135 facientem
1508 2086 1525 2116 1
1545 2105 1556 2131 z
1573 2109 1594 2128 >2

216 2172 258 2208 et
283 2180 371 2208 non
395 2173 482 2229 alse
498 2164 594 2226 ipso
612 2163 808 2226 loquitur
824 2201 835 2219 ,
859 2162 933 2208 sed
954 2181 977 2208 a
1000 2163 1130 2208 Patre
1149 2161 1214 2206 illi
1237 2170 1300 2205 est
1323 2175 1449 2205 omne
1472 2157 1597 2221 quod

217 2233 413 2297 loquitur
430 2270 441 2289 ,
468 2250 570 2279 cum
591 2233 736 2297 ipsum
759 2239 887 2280 Pater
910 2233 1036 2278 unice
1055 2231 1254 2295 loquitur
1278 2247 1288 2274 :
1310 2239 1353 2274 et
1368 2245 1526 2287 magna
1543 2227 1595 2272 il-

215 2302 297 2348 lius
320 2303 454 2350 Verbi
476 2304 672 2366 potentia
691 2315 752 2350 est
768 2341 780 2361 ‚
803 2321 891 2349 non
909 2320 1033 2367 posse
1056 2300 1253 2355 mentiri3
1277 2299 1380 2363 quia
1395 2315 1484 2344 non
1501 2314 1588 2361 po-

215 2383 297 2419 test
311 2391 397 2419 esse
414 2373 504 2418 illic
520 2392 530 2418 ε
546 2395 566 2415 c<
585 2375 661 2419 Est
677 2386 719 2420 et
740 2392 847 2428 non,
868 2395 889 2415 n
911 2373 982 2419 sed
1000 2393 1022 2415 ε(
1043 2375 1138 2430 Est,
1163 2382 1225 2417 est
1245 2389 1256 2416 ε
1280 2371 1398 2426 Non,
1419 2369 1543 2415 non‘2.
1571 2390 1590 2409 »

219 2445 275 2489 At
294 2443 407 2488 enim
432 2460 511 2488 nec
530 2444 714 2489 verbum
742 2441 983 2489 dicendum
1005 2454 1067 2489 est
1089 2441 1208 2506 quod
1231 2457 1384 2489 verum
1403 2456 1493 2484 non
1512 2449 1587 2485 est.

219 2513 266 2558 Si
289 2513 349 2559 ita
364 2550 376 2570 ,
399 2512 539 2560 libens
573 2515 792 2560 assentior.
837 2513 957 2571 Quid
972 2551 984 2571 ,
1023 2531 1125 2560 cum
1150 2529 1302 2561 verum
1332 2521 1394 2557 est
1415 2509 1601 2557 verbum

216 2596 280 2644 ’ἒξ-ί
300 2599 439 2637 Joan.v‚
457 2608 510 2639 19.
531 2617 570 2624 -—
587 2596 604 2620 ²
619 2610 635 2629 2
654 2601 777 2642 Cor.1‚
798 2608 852 2638 19.
