1894 3154
573 291 640 338 'DE
675 306 928 347 TRINITATE,
967 306 1053 335 Lm.
1097 306 1167 335 xv.
1518 288 1578 335 53

214 375 300 419 sive
342 372 542 419 voluntas
566 372 613 418 in
650 372 725 417 illa
764 388 932 417 summa
966 367 1231 415 immutabili
1256 368 1432 414 essentia
1458 368 1581 430 quod

212 454 275 488 est
301 444 432 498 Deus,
457 460 545 487 non
569 444 697 487 Pater
722 452 763 487 et
787 441 919 486 Filius
955 453 996 485 et
1024 439 1212 502 Spiritus
1248 448 1421 482 sanctus
1450 448 1575 492 sunt,

213 512 282 557 sed
307 516 435 557 Pater
447 512 574 558 solus.
602 512 770 575 thuia
791 511 923 556 Filius
944 526 1117 572 quoque
1134 507 1343 570 sapientia
1362 518 1423 551 est
1441 507 1584 565 genita

214 582 266 627 de
288 582 515 644 sapientia,
538 583 650 627 sicut
673 598 751 627 nec
782 585 908 626 Pater
921 580 976 635 ei,
1007 596 1087 624 nec
1115 577 1302 641 Spiritus
1337 587 1510 621 sanctus
1548 577 1586 620 ei

212 650 430 710 intelligit,
458 651 531 696 sed
561 652 652 714 ipse
676 651 788 703 sibi3
819 650 878 695 ita
909 666 988 694 nec
1023 650 1152 693 Pater
1191 648 1228 692 ei
1251 646 1462 701 meminit,
1508 661 1588 689 nec

215 721 402 784 Spiritus
418 732 591 767 sanctus
607 722 645 767 ei
668 721 828 780 diligit,
870 720 944 765 sed
969 720 1060 782 ipse
1082 718 1166 763 sibi
1189 736 1198 762 :
1227 734 1302 762 sua
1324 716 1439 761 enim
1463 726 1525 761 est
1548 725 1590 759 et

212 791 302 853 ipse
322 793 548 847 memoria,
571 809 645 836 sua
674 789 957 849 intelligentia
974 826 984 844 ,
1020 805 1096 833 sua
1115 787 1313 832 dilectio:
1355 785 1427 830 sed
1463 786 1521 830 ita
1548 801 1590 830 se

214 860 394 915 habere,
423 860 477 906 de
494 864 620 906 Patre
645 860 709 906 illi
729 870 810 914 est,
837 859 889 904 de
915 875 1003 921 quo
1020 868 1146 902 natus
1159 867 1233 902 est.
1257 856 1446 917 Spiritus
1461 854 1591 899 etiam

215 941 405 986 sanctus,
444 930 549 993 quia
573 930 781 993 sapientia
819 939 881 973 est
913 926 1152 989 procedens
1173 925 1227 969 (le
1250 924 1476 987 sapientia,
1503 939 1593 967 non

215 1002 389 1045 Patrem
412 1001 548 1045 habet
567 999 838 1053 memoriam,
861 1009 902 1042 et
936 996 1096 1041 Filium
1119 994 1464 1054 intelligentiam,
1489 1003 1530 1037 et
1554 1009 1595 1037 se

215 1069 489 1115 dilectionem
509 1087 518 1114 ε
541 1086 682 1132 neque
716 1069 831 1114 enim
856 1067 1069 1130 sapientia
1090 1076 1219 1120 esset,
1249 1065 1282 1109 si
1305 1064 1413 1109 alius
1445 1063 1483 1107 ei
1501 1079 1597 1107 me—

214 1139 423 1194 minisset,
449 1139 574 1202 eique
591 1139 698 1184 alius
713 1137 987 1196 intelligeret,
1011 1152 1060 1181 ac
1076 1133 1382 1180 tantummodo
1404 1132 1486 1178 sibi
1505 1132 1597 1195 ipse

216 1207 412 1268 diligeret
437 1226 446 1254 :
475 1209 547 1254 sed
565 1208 657 1271 ipse
680 1208 814 1253 habet
837 1208 935 1252 liaec
961 1206 1065 1261 tria,
1105 1216 1147 1250 et
1180 1222 1229 1250 ea
1261 1204 1323 1249 sic
1346 1203 1507 1257 habet,
1550 1211 1599 1246 ut

215 1277 316 1323 haec'
340 1279 434 1341 ipsa
458 1279 549 1341 ipse
573 1279 640 1324 sit.
688 1279 997 1339 Verumtamen
1021 1285 1068 1320 ut
1091 1276 1151 1320 ita
1189 1276 1258 1330 sit,
1297 1273 1398 1318 inde
1435 1272 1499 1318 illi
1536 1281 1598 1317 est

217 1347 333 1393 unde
356 1349 568 1411 procedit.

281 1419 408 1465 Xlll.
434 1419 543 1475 Quis
561 1435 659 1478 ergo
683 1417 911 1462 hominum
935 1426 1078 1479 potest
1096 1416 1223 1461 istam
1245 1412 1500 1476 sapientiam
1512 1426 1599 1473 qua

217 1489 338 1533 novit
359 1489 473 1533 Deus
496 1491 660 1544 omnia,
682 1487 741 1532 ita
760 1496 811 1532 ut
831 1503 911 1532 nec
932 1503 980 1531 ea
1009 1503 1109 1548 quae
1131 1485 1340 1530 dicuntur
1357 1481 1596 1545 praeterita,

217 1557 280 1602 ibi
299 1568 578 1620 praetereant,
609 1576 688 1605 nec
712 1575 760 1603 ea
781 1574 882 1620 quae
926 1556 1138 1601 dicuntur
1164 1555 1329 1609 futura,
1369 1551 1491 1614 quasi
1522 1549 1602 1594 de-

219 1629 319 1682 sint,
344 1638 623 1691 expectentur
659 1639 708 1673 ut
730 1628 924 1681 veniant,
951 1625 1025 1670 sed
1063 1636 1106 1670 et
1128 1623 1349 1687 praeterita
1369 1632 1410 1666 et
1430 1620 1595 1669 futura,

219 1713 321 1742 cum
344 1698 633 1761 praesentibus
650 1697 735 1742 sint
753 1705 908 1741 cuncta
926 1695 1154 1757 praesentia
1173 1714 1184 1747 3
1210 1709 1290 1738 nec
1327 1689 1496 1749 singula
1515 1704 1598 1733 co-

220 1767 427 1826 gitentur,
455 1777 497 1812 et
520 1767 574 1812 ab
597 1767 689 1812 aliis
713 1766 768 1811 ad
801 1766 884 1810 alia
913 1764 1147 1823 cogitando
1178 1771 1436 1815 transeatur,
1460 1758 1534 1803 secl
1557 1759 1603 1802 in

222 1853 311 1882 uno
329 1847 570 1899 conspectu
599 1836 730 1882 simul
743 1846 904 1899 praesto
919 1836 1003 1880 sint
1023 1834 1219 1878 universa
1238 1850 1247 1877 :
1266 1831 1379 1893 quis,
1401 1830 1601 1891 inquam,

220 1907 448 1952 hominum
481 1906 818 1969 comprehendit
864 1906 994 1950 istam
1023 1903 1298 1967 sapientiam,
1324 1899 1606 1961 eamdemque

219 1973 518 2039 prudentiam,
558 1976 843 2038 eamdemque
889 1974 1117 2019 scientiam
1158 2009 1168 2029 ,
1196 1968 1552 2036 quandoquidem
1585 1984 1608 2010 a

220 2046 347 2091 nobis
367 2063 446 2091 nec
470 2056 620 2090 nostra
658 2044 1080 2108 comprehenditur?
1124 2045 1186 2089 Ea
1207 2042 1375 2106 quippe
1406 2055 1507 2102 quae
1535 2036 1604 2082 vel

222 2116 415 2161 sensibus
428 2115 971 2175 velintelligentiaenostrae
991 2114 1165 2167 adsunt,
1190 2126 1417 2175 possumus
1431 2119 1609 2153 utcum—

223 2202 307 2247 que
325 2186 575 2248 conspicere
597 2203 607 2229 :
633 2203 679 2230 ea
700 2202 801 2230 vero
826 2201 926 2247 quae
945 2184 1121 2238 absunt,
1146 2194 1187 2227 et
1211 2194 1354 2227 tamen
1395 2179 1614 2228 affuerunt

222 2272 301 2319 per
326 2256 576 2300 memoriam
601 2256 802 2301 novimus
819 2293 830 2311 ,
858 2271 958 2318 quae
983 2254 1110 2299 obliti
1133 2270 1225 2298 non
1248 2266 1409 2296 sumus
1445 2249 1534 2294 Nec
1565 2265 1614 2293 ex

223 2325 380 2371 futuris
392 2326 609 2388 praeterita
621 2362 632 2381 ,
651 2325 723 2370 sed
736 2325 884 2370 futura
895 2342 942 2369 ex
955 2323 1206 2387 praeteritis,
1224 2337 1312 2366 non
1326 2330 1469 2364 tamen
1481 2319 1611 2363 firma

225 2395 472 2455 cognitione
487 2396 758 2455 conjicimus,
778 2397 886 2440 Nam
904 2393 1115 2457 quasdam
1127 2391 1410 2452 cogitationes
1424 2399 1613 2442 nostras,

226 2484 332 2530 quas
345 2466 512 2512 futuras
530 2467 650 2512 velut
659 2466 929 2511 manifestius
948 2475 1076 2528 atque
1088 2465 1248 2510 certius
1262 2461 1480 2526 proximas
1491 2460 1615 2524 quasi

227 2537 538 2600 prospicimUS,
558 2537 764 2583 memoria
779 2536 962 2581 faciente
982 2535 1027 2580 id
1053 2535 1216 2595 agimus
1234 2570 1244 2589 ,
1269 2549 1370 2578 cum
1398 2547 1519 2589 agere
1539 2547 1616 2574 va-

226 2605 364 2652 lemus
386 2617 601 2670 quantum
623 2607 816 2652 valemus
830 2643 840 2661 ,
864 2622 964 2667 quae
984 2605 1156 2650 videtur
1178 2621 1263 2649 non
1283 2601 1336 2647 ad
1359 2618 1407 2646 ea
1424 2617 1524 2662 quze
1544 2598 1617 2644 fu-
