1894 3154
274 302 331 334 DE
370 302 591 334 BAPT1SM0
627 302 803 334 CONTRA
838 293 1132 346 DONArlsrAs,
1170 306 1259 338 mn.
1302 308 1373 338 111.
1448 291 1541 354 307

165 379 309 414 autem
337 368 549 414 mundare
585 369 859 432 semetipsum
889 387 912 414 a
934 369 1114 426 talibus,
1141 369 1223 417 nisi
1254 372 1372 435 quod
1407 374 1540 436 paulo

166 450 263 485 ante
285 439 390 485 dixit
409 457 420 484 ε
440 460 460 480 (ι
484 439 676 485 Recedat
694 440 749 485 ab
767 441 826 501 inj
835 441 978 487 ustitia
994 442 1132 487 omnis
1149 444 1225 505 qui
1249 444 1540 489 nominatno—

167 527 301 555 »men
323 509 500 555 Domini
520 512 564 555 Ρ»
578 511 634 555 Et
657 528 710 556 ne
726 511 954 576 quisquam
975 523 1152 576 putaret
1162 523 1369 576 tanquam
1392 514 1438 560 in
1456 531 1542 559 una

167 580 298 626 domo
323 597 479 640 magna
502 581 642 644 perire
659 598 702 627 se
720 599 843 645 posse
866 599 968 628 cum
997 582 1182 641 talibus,
1215 584 1544 644 vigilantissime

167 649 392 713 praedixit,
408 651 540 697 Novit
562 652 774 698 Dominus
792 653 868 717 qui
887 663 987 699 sunt
1005 657 1097 713 ers
1121 671 1131 699 ε
1159 671 1228 700 eos
1252 654 1455 701 videlicet
1466 654 1544 718 qui

167 720 409 767 recedendo
431 721 486 767 ab
504 721 734 785 iniquitate
752 741 794 769 se
818 723 1036 770 mundant
1054 742 1076 770 a
1099 725 1211 771 vasis
1228 725 1351 771 factis
1369 725 1415 771 in
1435 742 1545 771 con-

169 790 410 847 tumeliam,
436 809 490 837 ne
510 808 612 839 cum
634 794 738 857 ipsis
759 805 937 858 pereant
958 812 1066 858 quos
1084 795 1130 841 in
1147 796 1277 841 domo
1311 806 1545 857 magnato-

169 861 306 907 lerare
325 873 555 922 coguntur.

238 933 422 980 XXVII.
449 934 553 980 Mali
580 952 680 994 ergo
706 945 748 980 et
776 936 1008 981 facinorosi
1029 972 1041 992 ,
1064 936 1257 982 carnales
1277 973 1288 992 ,
1316 936 1544 992 animales,

178 1004 404 1061 diabolici,
431 1022 455 1049 a
480 1005 783 1051 seductoribus
807 1005 893 1051 suis
918 1006 1002 1052 sibi
1025 1005 1120 1051 dari
1145 1006 1430 1064 arbitrantur,
1450 1023 1551 1070 quae

177 1091 266 1120 non
284 1075 367 1120 nisi
388 1092 567 1121 munera
594 1076 668 1122 Dei
694 1087 811 1134 sunt,
841 1078 928 1123 sive
942 1087 1226 1134 sacramenta,
1260 1079 1347 1124 sive
1371 1077 1552 1141 spirita-

177 1146 239 1192 les
262 1146 427 1209 aliquas
462 1148 756 1209 operationes,
785 1148 901 1194 circa
934 1159 1192 1211 praesentem
1227 1149 1419 1196 salutem.
1456 1149 1556 1194 Non

182 1227 323 1262 autem
343 1217 510 1262 habent
533 1217 602 1262 isti
627 1217 885 1263 charitatem
903 1219 948 1263 in
969 1220 1110 1263 Deum
1131 1255 1142 1275 ,
1165 1218 1238 1263 sed
1258 1219 1376 1265 circa
1392 1235 1461 1264 eos
1476 1235 1556 1264 oc-

182 1287 332 1350 cupati
353 1298 468 1344 sunt,
493 1304 680 1350 quorum
702 1288 904 1351 superbia
921 1288 1208 1344 seducuntur,
1232 1299 1274 1333 et
1296 1305 1561 1352 comparan-

183 1369 256 1404 tur
279 1357 510 1404 fornicanti
539 1358 727 1415 mulieri,
757 1375 889 1422 quam
914 1359 1138 1421 Propheta
1159 1369 1472 1404 commemorat
1497 1358 1563 1404 di-

185 1440 355 1476 centem
376 1446 386 1474 :
415 1451 435 1471 <‹
456 1430 539 1475 Ibo
563 1440 664 1492 post
687 1439 895 1475 amatores
918 1446 1051 1485 meos,
1075 1429 1151 1492 qui
1169 1429 1278 1475 mihi
1304 1429 1412 1475 dant
1432 1447 1565 1492 panes

186 1521 208 1542 »
227 1517 344 1546 meos
367 1510 409 1546 et
427 1516 585 1563 aquam
609 1517 766 1555 meam,
784 1510 918 1546 vestes
940 1517 1053 1544 meas
1075 1509 1117 1544 et
1132 1499 1385 1545 linteamina
1409 1517 1502 1544 mea
1522 1509 1564 1544 et

188 1593 210 1614 »
228 1571 371 1616 oleum
395 1588 559 1626 meum,
586 1581 627 1615 et
646 1571 843 1617 universa
862 1587 961 1633 quae
986 1569 1098 1615 mihi
1128 1569 1369 1615 condecent
1387 1568 1420 1616 1.
1452 1590 1472 1610 »
1496 1569 1569 1614 Sic

189 1641 304 1686 enim
327 1641 439 1685 fiunt
456 1639 639 1685 haereses
663 1650 703 1685 et
727 1639 978 1695 schismata,
1003 1656 1105 1684 cum
1124 1639 1232 1684 dicit
1249 1638 1373 1701 plebs
1387 1638 1570 1684 carnalis

191 1728 290 1775 quae
309 1711 354 1756 in
369 1711 581 1756 charitate
600 1710 679 1756 Dei
697 1709 878 1756 fundata
897 1727 984 1755 non
1000 1720 1062 1754 est
1081 1726 1128 1754 t«
1147 1710 1229 1754 Ibo
1244 1718 1344 1772 post
1363 1719 1572 1754 amatores

195 1799 344 1827 »meos
367 1799 378 1826 :
396 1803 414 1824 >³
437 1799 537 1828 cum
551 1782 712 1846 quibus
735 1781 885 1845 utique
905 1781 991 1828 sive
1009 1797 1089 1844 per
1102 1779 1202 1826 fidei
1227 1780 1571 1842 corruptionem,

193 1853 281 1900 sive
313 1870 391 1916 per
425 1853 653 1899 elationem
690 1853 910 1916 superbiae
931 1890 942 1908 ,
983 1852 1171 1915 turpiter
1204 1849 1461 1898 fornicatur.
1493 1850 1578 1896 Sed

193 1935 376 1988 propter
394 1941 464 1970 eos
490 1924 565 1988 qui
584 1924 699 1987 passi
721 1923 998 1969 difficultates
1020 1933 1062 1968 et
1082 1922 1294 1982 angustias
1314 1931 1356 1966 et
1373 1921 1578 1967 interclu-

196 1996 333 2041 siones
356 1996 495 2041 inanis
513 1993 853 2040 ratiocinationis
881 2011 1031 2040 eorum
1061 2011 1084 2039 3
1100 1993 1262 2057 quibus
1282 1992 1551 2038 seducuntur
1565 2029 1576 2048 ,

198 2077 556 2130 compunguntur
581 2066 829 2121 timoribus,
854 2076 896 2111 et
920 2065 1104 2110 redeunt
1128 2063 1183 2109 ad
1207 2063 1322 2110 viam
1345 2063 1492 2126 pacis,
1524 2061 1580 2108 ad

198 2137 486 2202 quaerendum
519 2137 740 2182 sinceriter
776 2137 918 2182 Deum
950 2155 961 2188 3
989 2134 1087 2180 ideo
1128 2134 1324 2197 sequitur
1352 2143 1394 2178 et
1431 2132 1538 2178 dicit
1565 2150 1576 2177 z

200 2230 221 2250 «
247 2213 477 2272 Propterea
501 2225 599 2254 ecce
623 2225 700 2268 ego
725 2208 842 2271 sepio
864 2206 1045 2253 sudibus
1070 2204 1186 2251 viam
1208 2204 1341 2260 illius,
1369 2203 1578 2272 011011111-

201 2304 222 2325 >›
241 2280 351 2326 caho
374 2280 419 2326 in
441 2279 512 2326 via
533 2279 669 2342 ipsius
693 2279 856 2343 spinas,
884 2289 925 2324 et
945 2276 1162 2323 tramitem
1190 2291 1315 2320 suum
1340 2291 1429 2320 non
1450 2274 1578 2320 inve-

202 2376 224 2398 »
239 2354 345 2409 niet,
372 2362 414 2398 et
429 2361 713 2415 persequetur
732 2359 942 2395 amatores
963 2364 1079 2403 suos,
1109 2361 1188 2392 nec
1210 2344 1307 2390 illos
1326 2344 1577 2408 apprehen-

203 2454 225 2475 »
243 2431 334 2487 det,
355 2439 397 2474 et
412 2425 602 2491 requiret
620 2439 708 2478 eos,
732 2438 813 2467 nec
842 2417 1030 2465 inveniet
1064 2434 1159 2471 eos;
1187 2426 1229 2461 et
1255 2414 1398 2461 dicet:
1429 2415 1511 2460 Ibo
1535 2425 1578 2460 et

204 2509 430 2547 »revertar
450 2497 506 2544 ad
539 2496 682 2543 virum
716 2507 860 2537 meum
887 2487 1121 2552 pristinum
1140 2523 1150 2543 ,
1191 2485 1294 2549 quia
1322 2485 1434 2531 bene
1470 2494 1576 2529 tunc

207 2570 356 2619 »mihi
383 2568 467 2616 fuit
488 2583 621 2630 quam
642 2579 775 2611 nunc.
810 2581 832 2605 »
858 2557 1028 2607 Deinde
1061 2574 1116 2605 ne
1138 2558 1334 2621 ipsorum
1365 2565 1578 2621 putentur

253 2656 266 2680 ¹
284 2659 388 2690 Oseae.
407 2665 448 2694 11,
467 2652 500 2686 5.

1373 2705 1448 2736 ΩΟ.
