1894 3154
324 224 416 278 408
733 237 766 266 s,
811 235 1053 267 Aueusrim
1090 235 1291 268 EPISCOP1

390 304 568 350 XLVH.
603 301 719 349 Huic
744 302 1032 366 respondetur
1050 341 1060 359 ‚
1097 304 1195 366 quia
1220 303 1255 349 si
1278 321 1365 350 non
1399 305 1698 353 sanctificatur

327 392 439 438 aqua
455 413 465 431 ‚
497 392 598 420 cum
619 374 764 437 aliqua
791 375 945 419 erroris
959 375 1092 420 verba
1113 392 1192 438 per
1209 376 1471 438 imperitiam
1498 387 1700 440 precator

328 445 536 500 effundit,
570 445 697 490 multi
722 461 809 489 non
832 443 970 489 solum
996 444 1124 497 mali,
1156 444 1227 489 sed
1253 446 1380 491 etiam
1413 446 1517 491 boni
1548 445 1700 491 fratres

326 515 372 560 in
392 516 486 578 ipsa
510 515 700 561 Ecclesia
720 532 807 559 non
827 514 1100 559 sanctificant
1124 532 1296 577 aquam.
1323 516 1562 561 Multorum
1586 517 1701 561 enim

280 641 285 646 ι
328 602 477 647 preces
499 584 785 630 emendantur
812 583 1008 646 quotidie
1027 621 1037 639 ‚
1063 584 1097 628 si
1117 583 1387 630 doctioribus
1405 585 1567 631 fuerint
1587 587 1702 631 reci-

327 665 429 700 ·tatae
446 692 457 711 ,
490 665 531 700 et
563 654 700 700 multa
731 654 776 699 in
799 654 857 698 eis
881 654 1156 717 reperiuntur
1181 665 1333 700 contra
1359 656 1622 702 catholicam
1644 657 1702 701 fi-

328 726 440 773 dem.
478 725 705 790 Numquid
735 725 769 770 si
795 725 1091 771 manifestetur
1109 726 1277 789 aliquos
1303 726 1546 789 baptizatos
1564 764 1574 783 ‚
1602 745 1703 773 cum

329 796 414 842 illae
437 814 586 859 preces
608 797 738 842 dictae
759 813 887 859 super
906 813 1061 859 aquam
1085 795 1264 841 fuissent
1283 834 1293 852 ,
1323 798 1599 856 jubebuntur
1624 797 1705 843 de-

330 885 419 912 nuo
443 867 689 932 baptizari?
718 866 837 923 Quid
861 867 921 912 ita
941 871 958 912 ἶ)
979 868 1093 923 Quia
1112 867 1369 931 plerumque
1394 869 1534 930 precis
1551 869 1706 914 vitium

331 948 506 1000 superat
524 937 740 1000 precantis
767 938 944 983 affectus
971 955 980 982 ε
1018 948 1058 981 et
1088 938 1191 999 quia
1215 948 1331 982 certa
1349 937 1422 982 illa
1451 939 1707 998 Evangelica

334 1009 464 1053 verba
482 1045 492 1064 ,
531 1008 619 1053 sine
657 1007 817 1070 quibus
854 1025 941 1053 non
979 1018 1122 1071 potest
1162 1008 1405 1071 baptismus
1437 1008 1703 1063 consecrari,

336 1088 505 1122 tantum
526 1077 670 1122 valent
689 1113 700 1132 ,
728 1088 775 1122 ut
798 1095 876 1140 per
898 1078 971 1123 illa
991 1079 1050 1123 sic
1075 1089 1340 1122 evacuentur
1358 1095 1648 1141 quaecumque
1664 1078 1709 1123 in

334 1165 460 1211 prece
484 1147 635 1193 vitiosa
659 1159 810 1193 contra
833 1148 1026 1207 regulam
1050 1147 1152 1193 fidei
1176 1147 1401 1203 dicuntur,
1430 1149 1710 1211 quemadmo-

333 1219 439 1263 dum
463 1218 730 1264 daemonium
759 1219 922 1264 Christi
944 1219 1118 1264 nomine
1142 1218 1398 1266 excluditur.
1432 1220 1541 1264 Nam
1561 1220 1710 1283 utique

336 1288 567 1334 l‘iaereticus
597 1289 631 1333 si
667 1289 812 1334 afferat
835 1306 1008 1352 precem
1034 1289 1231 1333 vitiosam
1251 1326 1260 1344 ,
1285 1307 1364 1334 nec
1382 1290 1547 1334 bonum
1577 1290 1712 1334 habet

336 1359 561 1404 eharitatis
574 1360 773 1404 affectum
793 1396 802 1413 ‚
824 1376 912 1422 quo
939 1360 1076 1422 possit
1095 1360 1168 1404 illa
1193 1360 1410 1423 imperitia
1433 1360 1649 1423 superari3
1672 1372 1712 1405 et

337 1429 434 1474 idco
455 1429 604 1474 similis
626 1440 688 1474 est
707 1429 742 1473 ci
763 1429 1027 1493 quicumque
1046 1430 1091 1474 in
1111 1430 1204 1492 ipsa
1225 1429 1453 1475 Catholica
1475 1429 1647 1475 invidus
1672 1441 1713 1475 et

337 1499 571 1545 malevolus
587 1537 596 1554 ‚
626 1499 770 1562 quales
791 1499 879 1545 illic
905 1501 1043 1559 arguit
1068 1500 1368 1563 Cyprianus‘l,
1397 1501 1543 1545 afferat
1561 1501 1709 1548 etiam.

342 1580 389 1615 ut
415 1570 505 1615 lieri
529 1569 658 1626 solet,
692 1570 881 1633 aliquam
906 1588 1078 1633 precem
1099 1608 1110 1626 ,
1144 1571 1190 1615 in
1222 1587 1307 1633 qua
1336 1570 1715 1633 loquatur-contra

337 1640 529 1699 regulam
551 1639 652 1685 fidei
670 1677 680 1695 ,
704 1641 830 1685 multi
851 1641 1017 1704 quippe
1033 1642 1206 1686 irruunt
1224 1641 1267 1685 in
1286 1658 1447 1704 preces,
1471 1658 1559 1685 non
1576 1640 1714 1686 solum

341 1712 394 1756 ab
416 1711 626 1774 imperitis
655 1710 931 1774 loquacibus,
958 1711 1029 1756 sed
1053 1712 1180 1757 etiam
1209 1712 1265 1756 ab
1290 1711 1505 1756 liaereticis
1528 1727 1715 1774 compo-

337 1782 459 1833 sitas‚
491 1792 533 1826 ct
561 1799 640 1844 per
664 1782 920 1841 ignorantiae
947 1782 1269 1845 simplicitatem
1286 1819 1296 1837 ‚
1326 1799 1411 1826 non
1437 1799 1505 1826 eas
1531 1782 1717 1827 valentes

342 1852 598 1904 discernere,
627 1863 812 1897 utuntur
832 1853 889 1897 eis
920 1853 1180 1898 arbitrantes
1210 1852 1328 1915 quod
1349 1853 1478 1897 ,bonae
1502 1852 1612 1905 sint3
1638 1869 1717 1897 nec

342 1933 484 1966 tamen
515 1922 634 1984 quod
662 1923 703 1966 in
741 1923 798 1967 cis
830 1941 1078 1985 perversum
1113 1934 1175 1968 est
1208 1933 1388 1968 evacuat
1432 1922 1505 1967 illa
1536 1940 1636 1985 quae
1656 1923 1718 1968 ibi

342 2004 457 2038 recta
491 2003 618 2048 sunt,
656 1993 728 2037 sed
759 1993 814 2038 ab
845 1994 902 2038 eis
932 1994 1079 2056 potius
1108 2003 1344 2038 evacuatur
1375 2010 1385 2036 ε
1421 1993 1531 2037 sicut
1555 1995 1597 2037 in
1624 1994 1718 2055 ipso

344 2063 520 2108 homine
544 2063 674 2108 honae
695 2063 782 2126 spei
803 2075 843 2108 et
866 2064 1111 2126 probabilis
1129 2063 1247 2117 fidei,
1269 2063 1339 2108 sed
1362 2073 1501 2108 tamen
1522 2063 1716 2118 homine,

345 2133 378 2178 si
400 2132 507 2196 quid
528 2132 648 2178 aliter
665 2134 794 2197 sapit‚
820 2151 908 2179 non
932 2134 1032 2179 inde
1050 2145 1318 2179 evacuantur
1336 2150 1436 2196 quae
1455 2143 1569 2178 recte
1587 2133 1715 2196 sapit,

343 2203 480 2248 donee
504 2203 541 2248 ei
561 2203 677 2248 Deus
699 2203 856 2249 revelet
878 2215 919 2249 et
942 2204 1063 2267 quod
1084 2204 1206 2249 aliter
1225 2204 1382 2267 sapit‘l.
1410 2203 1455 2248 Si
1471 2214 1612 2249 autem
1630 2206 1721 2266 ipse

342 2273 480 2318 malus
504 2284 565 2318 est
585 2284 713 2337 atque
734 2292 956 2337 perversus
974 2312 985 2330 ‚
1015 2275 1048 2320 si
1071 2291 1244 2338 precem
1270 2275 1480 2333 integram
1509 2273 1626 2318 dicat
1646 2310 1656 2327 ‚
1680 2283 1722 2318 et

344 2344 461 2389 nulla
492 2361 538 2389 ex
570 2355 694 2407 parte
731 2345 832 2390 fidei
865 2345 1097 2391 catholicae
1128 2344 1374 2399 adversam,
1408 2361 1495 2389 non
1516 2344 1612 2388 ideo
1631 2344 1722 2403 ipse

344 2426 487 2460 rectus
518 2427 596 2471 est5
628 2416 729 2478 quia
756 2417 829 2462 illa
853 2427 968 2462 recta
990 2428 1051 2462 est
1075 2435 1085 2462 ε
1113 2427 1153 2462 et
1179 2416 1213 2461 si
1234 2418 1279 2461 in
1303 2416 1522 2479 aliquibus
1540 2431 1722 2478 perver—

338 2503 430 2531 sam
455 2503 627 2550 precem
649 2487 797 2532 afferat
817 2525 828 2544 ,
856 2489 966 2534 Deus
987 2488 1104 2534 adest
1133 2486 1401 2546 Evangelicis
1430 2486 1575 2532 verbis
1597 2485 1685 2531 suis
1708 2521 1718 2541 ,

391 2570 400 2591 ¹
419 2569 515 2612 Epist.
540 2572 593 2609 73.
614 2569 651 2600 ad
672 2569 877 2605 Jubaianum.
896 2590 940 2595 ——
957 2570 972 2593 ²
991 2571 1106 2614 Philip.
1127 2582 1176 2609 ιιι,
1204 2572 1256 2604 15.
