<?xml version="1.0" encoding="UTF-8"?>
<!DOCTYPE html PUBLIC "-//W3C//DTD XHTML 1.0 Transitional//EN"
    "http://www.w3.org/TR/xhtml1/DTD/xhtml1-transitional.dtd">
<html xmlns="http://www.w3.org/1999/xhtml" xml:lang="en" lang="en">
 <head>
  <title>
</title>
<meta http-equiv="Content-Type" content="text/html;charset=utf-8" />
  <meta name='ocr-system' content='tesseract 3.04.00' />
  <meta name='ocr-capabilities' content='ocr_page ocr_carea ocr_par ocr_line ocrx_word'/>
</head>
<body>
  <div class='ocr_page' id='page_1' title='image "./operaomniaaccura31auguuoft_0367.png"; bbox 0 0 1894 3154; ppageno 0'>
   <div class='ocr_carea' id='block_1_1' title="bbox 4 2312 16 3131">
    <p class='ocr_par' dir='ltr' id='par_1_1' title="bbox 4 2312 16 3131">
     <span class='ocr_line' id='line_1_1' title="bbox 4 2312 16 3131; baseline 0 0"><span class='ocrx_word' id='word_1_1' title='bbox 4 2312 16 3131; x_wconf 95' lang='lat' dir='ltr'><strong> </strong></span> 
     </span>
    </p>
   </div>
   <div class='ocr_carea' id='block_1_2' title="bbox 322 253 1556 316">
    <p class='ocr_par' dir='ltr' id='par_1_2' title="bbox 322 253 1556 316">
     <span class='ocr_line' id='line_1_2' title="bbox 322 253 1556 316; baseline 0.002 -19"><span class='ocrx_word' id='word_1_2' title='bbox 322 266 377 298; x_wconf 79' lang='lat' dir='ltr'><strong>DE</strong></span> <span class='ocrx_word' id='word_1_3' title='bbox 414 264 634 298; x_wconf 75' lang='lat' dir='ltr'><strong>nArrrsMo</strong></span> <span class='ocrx_word' id='word_1_4' title='bbox 670 263 842 298; x_wconf 81' lang='lat' dir='ltr'>CONTRA</span> <span class='ocrx_word' id='word_1_5' title='bbox 879 264 1172 307; x_wconf 67' lang='lat' dir='ltr'><strong>nonnis-ms,</strong></span> <span class='ocrx_word' id='word_1_6' title='bbox 1211 266 1299 298; x_wconf 75' lang='lat' dir='ltr'><strong>Lm.</strong></span> <span class='ocrx_word' id='word_1_7' title='bbox 1341 268 1384 299; x_wconf 82' lang='lat' dir='ltr'><strong>v.</strong></span> <span class='ocrx_word' id='word_1_8' title='bbox 1467 253 1556 316; x_wconf 82' lang='lat'><strong>357</strong></span> 
     </span>
    </p>
   </div>
   <div class='ocr_carea' id='block_1_3' title="bbox 192 332 1599 2639">
    <p class='ocr_par' dir='ltr' id='par_1_3' title="bbox 192 332 1599 2639">
     <span class='ocr_line' id='line_1_3' title="bbox 192 332 1572 397; baseline 0.001 -17"><span class='ocrx_word' id='word_1_9' title='bbox 192 333 320 380; x_wconf 90' lang='lat' dir='ltr'><strong>tismo</strong></span> <span class='ocrx_word' id='word_1_10' title='bbox 344 332 691 397; x_wconf 84' lang='lat' dir='ltr'><strong>praetinguebat‚</strong></span> <span class='ocrx_word' id='word_1_11' title='bbox 730 348 816 395; x_wconf 89' lang='lat' dir='ltr'><strong>quo</strong></span> <span class='ocrx_word' id='word_1_12' title='bbox 850 343 1029 396; x_wconf 87' lang='lat' dir='ltr'><strong>accepto</strong></span> <span class='ocrx_word' id='word_1_13' title='bbox 1067 344 1171 378; x_wconf 81' lang='lat' dir='ltr'><strong>esset</strong></span> <span class='ocrx_word' id='word_1_14' title='bbox 1202 333 1422 397; x_wconf 83' lang='lat' dir='ltr'><strong>baptisma</strong></span> <span class='ocrx_word' id='word_1_15' title='bbox 1442 336 1572 381; x_wconf 84' lang='lat' dir='ltr'><strong>etiam</strong></span> 
     </span>
     <span class='ocr_line' id='line_1_4' title="bbox 196 403 1575 466; baseline 0.001 -16"><span class='ocrx_word' id='word_1_16' title='bbox 196 405 475 450; x_wconf 87' lang='lat' dir='ltr'><strong>Dominicum</strong></span> <span class='ocrx_word' id='word_1_17' title='bbox 499 403 810 456; x_wconf 83' lang='lat' dir='ltr'><strong>necessarium3</strong></span> <span class='ocrx_word' id='word_1_18' title='bbox 838 421 927 448; x_wconf 91' lang='lat' dir='ltr'><strong>non</strong></span> <span class='ocrx_word' id='word_1_19' title='bbox 953 415 1001 449; x_wconf 91' lang='lat' dir='ltr'><strong>ut</strong></span> <span class='ocrx_word' id='word_1_20' title='bbox 1020 404 1129 449; x_wconf 70' lang='lat' dir='ltr'><strong>illud</strong></span> <span class='ocrx_word' id='word_1_21' title='bbox 1150 416 1374 466; x_wconf 88' lang='lat' dir='ltr'><strong>repetatur</strong></span> <span class='ocrx_word' id='word_1_22' title='bbox 1392 443 1401 461; x_wconf 67' lang='lat'><em>‚</em></span> <span class='ocrx_word' id='word_1_23' title='bbox 1429 407 1500 451; x_wconf 89' lang='lat' dir='ltr'><strong>sed</strong></span> <span class='ocrx_word' id='word_1_24' title='bbox 1527 417 1575 451; x_wconf 91' lang='lat' dir='ltr'><strong>ut</strong></span> 
     </span>
     <span class='ocr_line' id='line_1_5' title="bbox 194 473 1577 538; baseline 0 -18"><span class='ocrx_word' id='word_1_25' title='bbox 194 475 252 520; x_wconf 86' lang='lat' dir='ltr'><strong>eis</strong></span> <span class='ocrx_word' id='word_1_26' title='bbox 272 474 347 537; x_wconf 93' lang='lat' dir='ltr'><strong>qui</strong></span> <span class='ocrx_word' id='word_1_27' title='bbox 377 473 643 536; x_wconf 89' lang='lat' dir='ltr'><strong>baptismum</strong></span> <span class='ocrx_word' id='word_1_28' title='bbox 664 473 839 518; x_wconf 88' lang='lat' dir='ltr'><strong>Joannis</strong></span> <span class='ocrx_word' id='word_1_29' title='bbox 853 485 1125 536; x_wconf 71' lang='lat' dir='ltr'>acceperant,</span> <span class='ocrx_word' id='word_1_30' title='bbox 1148 475 1274 519; x_wconf 89' lang='lat' dir='ltr'><strong>etiam</strong></span> <span class='ocrx_word' id='word_1_31' title='bbox 1292 475 1455 520; x_wconf 85' lang='lat' dir='ltr'><strong>Christi</strong></span> <span class='ocrx_word' id='word_1_32' title='bbox 1468 477 1577 538; x_wconf 85' lang='lat' dir='ltr'><strong>bap-</strong></span> 
     </span>
     <span class='ocr_line' id='line_1_6' title="bbox 193 543 1575 607; baseline 0 -18"><span class='ocrx_word' id='word_1_33' title='bbox 193 544 373 599; x_wconf 85' lang='lat' dir='ltr'><strong>tismus‚</strong></span> <span class='ocrx_word' id='word_1_34' title='bbox 399 544 469 588; x_wconf 91' lang='lat' dir='ltr'><strong>cui</strong></span> <span class='ocrx_word' id='word_1_35' title='bbox 490 543 605 590; x_wconf 81' lang='lat' dir='ltr'><strong>viam</strong></span> <span class='ocrx_word' id='word_1_36' title='bbox 643 544 924 607; x_wconf 69' lang='lat' dir='ltr'><strong>praeparabat</strong></span> <span class='ocrx_word' id='word_1_37' title='bbox 955 544 1054 600; x_wconf 75' lang='lat' dir='ltr'><strong>ille,</strong></span> <span class='ocrx_word' id='word_1_38' title='bbox 1091 545 1346 592; x_wconf 82' lang='lat' dir='ltr'><strong>traderetur.</strong></span> <span class='ocrx_word' id='word_1_39' title='bbox 1380 545 1425 590; x_wconf 84' lang='lat' dir='ltr'><strong>Si</strong></span> <span class='ocrx_word' id='word_1_40' title='bbox 1460 545 1575 590; x_wconf 88' lang='lat' dir='ltr'><strong>enim</strong></span> 
     </span>
     <span class='ocr_line' id='line_1_7' title="bbox 197 614 1572 678; baseline 0 -18"><span class='ocrx_word' id='word_1_41' title='bbox 197 614 361 660; x_wconf 84' lang='lat' dir='ltr'>Christi</span> <span class='ocrx_word' id='word_1_42' title='bbox 378 614 604 659; x_wconf 84' lang='lat' dir='ltr'>humilitas</span> <span class='ocrx_word' id='word_1_43' title='bbox 627 615 973 660; x_wconf 87' lang='lat' dir='ltr'><strong>commendanda</strong></span> <span class='ocrx_word' id='word_1_44' title='bbox 992 632 1079 660; x_wconf 89' lang='lat' dir='ltr'><strong>non</strong></span> <span class='ocrx_word' id='word_1_45' title='bbox 1103 626 1224 671; x_wconf 77' lang='lat' dir='ltr'><strong>esset,</strong></span> <span class='ocrx_word' id='word_1_46' title='bbox 1246 633 1325 661; x_wconf 91' lang='lat' dir='ltr'><strong>nec</strong></span> <span class='ocrx_word' id='word_1_47' title='bbox 1348 615 1572 678; x_wconf 83' lang='lat' dir='ltr'><strong>baptismo</strong></span> 
     </span>
     <span class='ocr_line' id='line_1_8' title="bbox 194 685 1577 748; baseline 0.001 -19"><span class='ocrx_word' id='word_1_48' title='bbox 194 685 372 730; x_wconf 86' lang='lat' dir='ltr'><strong>Joannis</strong></span> <span class='ocrx_word' id='word_1_49' title='bbox 397 701 506 747; x_wconf 90' lang='lat' dir='ltr'><strong>opus</strong></span> <span class='ocrx_word' id='word_1_50' title='bbox 538 696 642 730; x_wconf 86' lang='lat' dir='ltr'><strong>esset</strong></span> <span class='ocrx_word' id='word_1_51' title='bbox 663 703 673 730; x_wconf 75' lang='grc' dir='ltr'>ε</span> <span class='ocrx_word' id='word_1_52' title='bbox 702 702 874 730; x_wconf 87' lang='lat' dir='ltr'><strong>rursum</strong></span> <span class='ocrx_word' id='word_1_53' title='bbox 899 686 933 730; x_wconf 92' lang='lat' dir='ltr'><strong>si</strong></span> <span class='ocrx_word' id='word_1_54' title='bbox 950 686 995 730; x_wconf 88' lang='lat' dir='ltr'><strong>in</strong></span> <span class='ocrx_word' id='word_1_55' title='bbox 1016 685 1182 731; x_wconf 86' lang='lat' dir='ltr'><strong>Joanne</strong></span> <span class='ocrx_word' id='word_1_56' title='bbox 1206 685 1302 730; x_wconf 84' lang='lat' dir='ltr'><strong>finis</strong></span> <span class='ocrx_word' id='word_1_57' title='bbox 1322 696 1426 731; x_wconf 88' lang='lat' dir='ltr'><strong>esset</strong></span> <span class='ocrx_word' id='word_1_58' title='bbox 1444 722 1453 740; x_wconf 81' lang='lat'>‚</span> <span class='ocrx_word' id='word_1_59' title='bbox 1478 695 1577 748; x_wconf 83' lang='lat' dir='ltr'><strong>post</strong></span> 
     </span>
     <span class='ocr_line' id='line_1_9' title="bbox 193 755 1573 819; baseline 0 -20"><span class='ocrx_word' id='word_1_60' title='bbox 193 755 374 800; x_wconf 81' lang='lat' dir='ltr'><strong>Joannis</strong></span> <span class='ocrx_word' id='word_1_61' title='bbox 397 755 614 818; x_wconf 85' lang='lat' dir='ltr'><strong>baptisma</strong></span> <span class='ocrx_word' id='word_1_62' title='bbox 635 756 798 801; x_wconf 80' lang='lat' dir='ltr'>Christi</span> <span class='ocrx_word' id='word_1_63' title='bbox 815 756 1075 819; x_wconf 86' lang='lat' dir='ltr'><strong>baptismate</strong></span> <span class='ocrx_word' id='word_1_64' title='bbox 1095 773 1204 819; x_wconf 87' lang='lat' dir='ltr'><strong>opus</strong></span> <span class='ocrx_word' id='word_1_65' title='bbox 1223 773 1312 801; x_wconf 90' lang='lat' dir='ltr'><strong>non</strong></span> <span class='ocrx_word' id='word_1_66' title='bbox 1335 765 1454 801; x_wconf 81' lang='lat' dir='ltr'><strong>esset.</strong></span> <span class='ocrx_word' id='word_1_67' title='bbox 1488 755 1573 800; x_wconf 65' lang='lat' dir='ltr'><strong>Sed</strong></span> 
     </span>
     <span class='ocr_line' id='line_1_10' title="bbox 195 825 1572 889; baseline -0.001 -19"><span class='ocrx_word' id='word_1_68' title='bbox 195 826 297 889; x_wconf 86' lang='lat' dir='ltr'><strong>quia</strong></span> <span class='ocrx_word' id='word_1_69' title='bbox 316 825 412 870; x_wconf 80' lang='lat' dir='ltr'><strong>finis</strong></span> <span class='ocrx_word' id='word_1_70' title='bbox 434 826 537 886; x_wconf 83' lang='lat' dir='ltr'><strong>legis</strong></span> <span class='ocrx_word' id='word_1_71' title='bbox 562 827 763 872; x_wconf 83' lang='lat' dir='ltr'><strong>Christus</strong></span> <span class='ocrx_word' id='word_1_72' title='bbox 784 827 836 872; x_wconf 85' lang='lat' dir='ltr'><strong>ad</strong></span> <span class='ocrx_word' id='word_1_73' title='bbox 855 828 1068 886; x_wconf 72' lang='lat' dir='ltr'><strong>Justitiam</strong></span> <span class='ocrx_word' id='word_1_74' title='bbox 1091 827 1208 872; x_wconf 89' lang='lat' dir='ltr'><strong>omni</strong></span> <span class='ocrx_word' id='word_1_75' title='bbox 1228 825 1451 871; x_wconf 75' lang='lat' dir='ltr'><strong>credenti1</strong></span> <span class='ocrx_word' id='word_1_76' title='bbox 1477 844 1486 870; x_wconf 92' lang='lat'>:</span> <span class='ocrx_word' id='word_1_77' title='bbox 1516 826 1572 869; x_wconf 85' lang='lat' dir='ltr'><strong>ab</strong></span> 
     </span>
     <span class='ocr_line' id='line_1_11' title="bbox 194 895 1574 960; baseline -0.002 -19"><span class='ocrx_word' id='word_1_78' title='bbox 194 896 268 942; x_wconf 88' lang='lat' dir='ltr'><strong>illo</strong></span> <span class='ocrx_word' id='word_1_79' title='bbox 289 895 630 942; x_wconf 87' lang='lat' dir='ltr'><strong>demonstratum</strong></span> <span class='ocrx_word' id='word_1_80' title='bbox 647 907 708 942; x_wconf 82' lang='lat' dir='ltr'><strong>est</strong></span> <span class='ocrx_word' id='word_1_81' title='bbox 726 897 779 942; x_wconf 83' lang='lat' dir='ltr'><strong>ad</strong></span> <span class='ocrx_word' id='word_1_82' title='bbox 799 914 928 960; x_wconf 90' lang='lat' dir='ltr'><strong>quem</strong></span> <span class='ocrx_word' id='word_1_83' title='bbox 951 907 1202 960; x_wconf 81' lang='lat' dir='ltr'><strong>pergeretur</strong></span> <span class='ocrx_word' id='word_1_84' title='bbox 1222 916 1232 949; x_wconf 90' lang='lat'>;</span> <span class='ocrx_word' id='word_1_85' title='bbox 1262 895 1314 940; x_wconf 86' lang='lat' dir='ltr'><strong>ad</strong></span> <span class='ocrx_word' id='word_1_86' title='bbox 1340 895 1459 940; x_wconf 90' lang='lat' dir='ltr'><strong>hunc</strong></span> <span class='ocrx_word' id='word_1_87' title='bbox 1474 912 1574 939; x_wconf 89' lang='lat' dir='ltr'><strong>cum</strong></span> 
     </span>
     <span class='ocr_line' id='line_1_12' title="bbox 195 966 1577 1030; baseline -0.003 -18"><span class='ocrx_word' id='word_1_88' title='bbox 195 976 453 1030; x_wconf 85' lang='lat' dir='ltr'><strong>perventum</strong></span> <span class='ocrx_word' id='word_1_89' title='bbox 471 966 618 1022; x_wconf 79' lang='lat' dir='ltr'><strong>fuerit,</strong></span> <span class='ocrx_word' id='word_1_90' title='bbox 645 978 985 1029; x_wconf 82' lang='lat' dir='ltr'><strong>permaneretur.</strong></span> <span class='ocrx_word' id='word_1_91' title='bbox 1019 967 1140 1011; x_wconf 86' lang='lat' dir='ltr'><strong>Idem</strong></span> <span class='ocrx_word' id='word_1_92' title='bbox 1172 966 1306 1025; x_wconf 82' lang='lat' dir='ltr'><strong>igitur</strong></span> <span class='ocrx_word' id='word_1_93' title='bbox 1330 966 1355 1010; x_wconf 85' lang='lat' dir='ltr'>J</span> <span class='ocrx_word' id='word_1_94' title='bbox 1360 981 1518 1009; x_wconf 85' lang='lat' dir='ltr'><strong>oannes</strong></span> <span class='ocrx_word' id='word_1_95' title='bbox 1537 974 1577 1008; x_wconf 90' lang='lat' dir='ltr'><strong>et</strong></span> 
     </span>
     <span class='ocr_line' id='line_1_13' title="bbox 195 1033 1580 1099; baseline -0.003 -17"><span class='ocrx_word' id='word_1_96' title='bbox 195 1035 495 1082; x_wconf 85' lang='lat' dir='ltr'><strong>celsitudinem</strong></span> <span class='ocrx_word' id='word_1_97' title='bbox 533 1036 709 1081; x_wconf 88' lang='lat' dir='ltr'>Domini</span> <span class='ocrx_word' id='word_1_98' title='bbox 735 1036 1022 1099; x_wconf 63' lang='lat' dir='ltr'><strong>praedicavit,</strong></span> <span class='ocrx_word' id='word_1_99' title='bbox 1053 1052 1155 1081; x_wconf 91' lang='lat' dir='ltr'><strong>cum</strong></span> <span class='ocrx_word' id='word_1_100' title='bbox 1191 1052 1290 1080; x_wconf 88' lang='lat' dir='ltr'><strong>eum</strong></span> <span class='ocrx_word' id='word_1_101' title='bbox 1329 1034 1412 1079; x_wconf 89' lang='lat' dir='ltr'><strong>sibi</strong></span> <span class='ocrx_word' id='word_1_102' title='bbox 1452 1033 1580 1092; x_wconf 83' lang='lat' dir='ltr'><strong>longe</strong></span> 
     </span>
     <span class='ocr_line' id='line_1_14' title="bbox 195 1104 1576 1169; baseline -0.002 -19"><span class='ocrx_word' id='word_1_103' title='bbox 195 1106 464 1169; x_wconf 83' lang='lat' dir='ltr'><strong>praeposuit3</strong></span> <span class='ocrx_word' id='word_1_104' title='bbox 497 1116 538 1151; x_wconf 89' lang='lat' dir='ltr'><strong>et</strong></span> <span class='ocrx_word' id='word_1_105' title='bbox 559 1105 868 1161; x_wconf 72' lang='lat' dir='ltr'><strong>humilitatem,</strong></span> <span class='ocrx_word' id='word_1_106' title='bbox 894 1123 994 1151; x_wconf 90' lang='lat' dir='ltr'><strong>cum</strong></span> <span class='ocrx_word' id='word_1_107' title='bbox 1018 1123 1117 1151; x_wconf 91' lang='lat' dir='ltr'><strong>eum</strong></span> <span class='ocrx_word' id='word_1_108' title='bbox 1141 1116 1350 1168; x_wconf 79' lang='lat' dir='ltr'><strong>tanquam</strong></span> <span class='ocrx_word' id='word_1_109' title='bbox 1376 1104 1576 1149; x_wconf 88' lang='lat' dir='ltr'><strong>infimum</strong></span> 
     </span>
     <span class='ocr_line' id='line_1_15' title="bbox 197 1174 1574 1239; baseline -0.003 -18"><span class='ocrx_word' id='word_1_110' title='bbox 197 1176 450 1239; x_wconf 81' lang='lat' dir='ltr'><strong>baptizavit.</strong></span> <span class='ocrx_word' id='word_1_111' title='bbox 486 1176 570 1221; x_wconf 85' lang='lat' dir='ltr'><strong>Sed</strong></span> <span class='ocrx_word' id='word_1_112' title='bbox 593 1176 627 1221; x_wconf 90' lang='lat' dir='ltr'><strong>si</strong></span> <span class='ocrx_word' id='word_1_113' title='bbox 650 1177 837 1221; x_wconf 80' lang='lat' dir='ltr'><strong>Joannes</strong></span> <span class='ocrx_word' id='word_1_114' title='bbox 867 1176 1091 1221; x_wconf 84' lang='lat' dir='ltr'><strong>Christum</strong></span> <span class='ocrx_word' id='word_1_115' title='bbox 1120 1176 1258 1221; x_wconf 88' lang='lat' dir='ltr'><strong>solum</strong></span> <span class='ocrx_word' id='word_1_116' title='bbox 1288 1174 1574 1236; x_wconf 78' lang='lat' dir='ltr'><strong>baptizasset,</strong></span> 
     </span>
     <span class='ocr_line' id='line_1_16' title="bbox 197 1245 1578 1309; baseline -0.001 -19"><span class='ocrx_word' id='word_1_117' title='bbox 197 1246 384 1291; x_wconf 88' lang='lat' dir='ltr'><strong>melioris</strong></span> <span class='ocrx_word' id='word_1_118' title='bbox 423 1246 631 1309; x_wconf 79' lang='lat' dir='ltr'><strong>baptismi</strong></span> <span class='ocrx_word' id='word_1_119' title='bbox 663 1250 848 1292; x_wconf 85' lang='lat' dir='ltr'><strong>Joannes</strong></span> <span class='ocrx_word' id='word_1_120' title='bbox 881 1246 1151 1309; x_wconf 85' lang='lat' dir='ltr'><strong>dispensator</strong></span> <span class='ocrx_word' id='word_1_121' title='bbox 1186 1245 1314 1291; x_wconf 85' lang='lat' dir='ltr'><strong>fuisse</strong></span> <span class='ocrx_word' id='word_1_122' title='bbox 1350 1253 1578 1307; x_wconf 81' lang='lat' dir='ltr'><strong>putaretur</strong></span> 
     </span>
     <span class='ocr_line' id='line_1_17' title="bbox 198 1315 1576 1382; baseline -0.003 -21"><span class='ocrx_word' id='word_1_123' title='bbox 198 1334 285 1382; x_wconf 89' lang='lat' dir='ltr'><strong>quo</strong></span> <span class='ocrx_word' id='word_1_124' title='bbox 305 1317 396 1379; x_wconf 86' lang='lat' dir='ltr'><strong>ipse</strong></span> <span class='ocrx_word' id='word_1_125' title='bbox 418 1317 618 1362; x_wconf 87' lang='lat' dir='ltr'><strong>Christus</strong></span> <span class='ocrx_word' id='word_1_126' title='bbox 635 1317 748 1362; x_wconf 89' lang='lat' dir='ltr'><strong>solus</strong></span> <span class='ocrx_word' id='word_1_127' title='bbox 768 1318 929 1362; x_wconf 87' lang='lat' dir='ltr'><strong>tinctus</strong></span> <span class='ocrx_word' id='word_1_128' title='bbox 948 1328 1072 1373; x_wconf 78' lang='lat' dir='ltr'><strong>esset,</strong></span> <span class='ocrx_word' id='word_1_129' title='bbox 1093 1333 1222 1380; x_wconf 80' lang='lat' dir='ltr'><strong>quam</strong></span> <span class='ocrx_word' id='word_1_130' title='bbox 1239 1315 1403 1360; x_wconf 86' lang='lat' dir='ltr'><strong>Christi</strong></span> <span class='ocrx_word' id='word_1_131' title='bbox 1421 1325 1576 1376; x_wconf 84' lang='lat' dir='ltr'><strong>estquo</strong></span> 
     </span>
     <span class='ocr_line' id='line_1_18' title="bbox 201 1383 1581 1448; baseline -0.004 -16"><span class='ocrx_word' id='word_1_132' title='bbox 201 1387 436 1432; x_wconf 86' lang='lat' dir='ltr'><strong>Christiani</strong></span> <span class='ocrx_word' id='word_1_133' title='bbox 455 1387 744 1448; x_wconf 79' lang='lat' dir='ltr'><strong>tinguuntur:</strong></span> <span class='ocrx_word' id='word_1_134' title='bbox 765 1399 806 1432; x_wconf 89' lang='lat' dir='ltr'><strong>et</strong></span> <span class='ocrx_word' id='word_1_135' title='bbox 826 1404 972 1432; x_wconf 87' lang='lat' dir='ltr'><strong>rursus</strong></span> <span class='ocrx_word' id='word_1_136' title='bbox 991 1387 1024 1432; x_wconf 86' lang='lat' dir='ltr'><strong>si</strong></span> <span class='ocrx_word' id='word_1_137' title='bbox 1051 1403 1197 1431; x_wconf 90' lang='lat' dir='ltr'><strong>omnes</strong></span> <span class='ocrx_word' id='word_1_138' title='bbox 1218 1385 1338 1448; x_wconf 88' lang='lat' dir='ltr'><strong>prius</strong></span> <span class='ocrx_word' id='word_1_139' title='bbox 1362 1383 1581 1447; x_wconf 79' lang='lat' dir='ltr'><strong>baptismo</strong></span> 
     </span>
     <span class='ocr_line' id='line_1_19' title="bbox 200 1452 1583 1520; baseline -0.005 -16"><span class='ocrx_word' id='word_1_140' title='bbox 200 1458 396 1514; x_wconf 83' lang='lat' dir='ltr'><strong>Joannis,</strong></span> <span class='ocrx_word' id='word_1_141' title='bbox 417 1469 459 1504; x_wconf 90' lang='lat' dir='ltr'><strong>et</strong></span> <span class='ocrx_word' id='word_1_142' title='bbox 481 1458 636 1504; x_wconf 85' lang='lat' dir='ltr'><strong>deinde</strong></span> <span class='ocrx_word' id='word_1_143' title='bbox 655 1458 819 1504; x_wconf 90' lang='lat' dir='ltr'><strong>Christi</strong></span> <span class='ocrx_word' id='word_1_144' title='bbox 834 1457 1049 1520; x_wconf 85' lang='lat' dir='ltr'><strong>baptizari</strong></span> <span class='ocrx_word' id='word_1_145' title='bbox 1074 1467 1308 1520; x_wconf 80' lang='lat' dir='ltr'><strong>oporteret,</strong></span> <span class='ocrx_word' id='word_1_146' title='bbox 1329 1455 1473 1499; x_wconf 87' lang='lat' dir='ltr'><strong>minus</strong></span> <span class='ocrx_word' id='word_1_147' title='bbox 1492 1452 1583 1516; x_wconf 85' lang='lat' dir='ltr'><strong>ple-</strong></span> 
     </span>
     <span class='ocr_line' id='line_1_20' title="bbox 200 1523 1582 1592; baseline -0.005 -18"><span class='ocrx_word' id='word_1_148' title='bbox 200 1546 281 1574; x_wconf 91' lang='lat' dir='ltr'><strong>nus</strong></span> <span class='ocrx_word' id='word_1_149' title='bbox 313 1529 544 1592; x_wconf 88' lang='lat' dir='ltr'><strong>minusque</strong></span> <span class='ocrx_word' id='word_1_150' title='bbox 572 1528 789 1591; x_wconf 87' lang='lat' dir='ltr'><strong>perfectus</strong></span> <span class='ocrx_word' id='word_1_151' title='bbox 815 1527 982 1573; x_wconf 90' lang='lat' dir='ltr'><strong>Christi</strong></span> <span class='ocrx_word' id='word_1_152' title='bbox 1005 1528 1251 1590; x_wconf 83' lang='lat' dir='ltr'><strong>baptismus</strong></span> <span class='ocrx_word' id='word_1_153' title='bbox 1278 1524 1431 1569; x_wconf 90' lang='lat' dir='ltr'><strong>merito</strong></span> <span class='ocrx_word' id='word_1_154' title='bbox 1457 1523 1582 1570; x_wconf 84' lang='lat' dir='ltr'><strong>vide-</strong></span> 
     </span>
     <span class='ocr_line' id='line_1_21' title="bbox 201 1593 1584 1663; baseline -0.006 -18"><span class='ocrx_word' id='word_1_155' title='bbox 201 1610 337 1655; x_wconf 81' lang='lat' dir='ltr'><strong>retur,</strong></span> <span class='ocrx_word' id='word_1_156' title='bbox 364 1600 441 1663; x_wconf 86' lang='lat' dir='ltr'><strong>qui</strong></span> <span class='ocrx_word' id='word_1_157' title='bbox 464 1617 551 1645; x_wconf 90' lang='lat' dir='ltr'><strong>non</strong></span> <span class='ocrx_word' id='word_1_158' title='bbox 575 1599 787 1644; x_wconf 86' lang='lat' dir='ltr'><strong>sufficeret</strong></span> <span class='ocrx_word' id='word_1_159' title='bbox 818 1597 873 1644; x_wconf 90' lang='lat' dir='ltr'><strong>ad</strong></span> <span class='ocrx_word' id='word_1_160' title='bbox 896 1597 1091 1642; x_wconf 85' lang='lat' dir='ltr'><strong>salutem.</strong></span> <span class='ocrx_word' id='word_1_161' title='bbox 1137 1595 1355 1652; x_wconf 82' lang='lat' dir='ltr'><strong>Quocirca</strong></span> <span class='ocrx_word' id='word_1_162' title='bbox 1389 1604 1430 1638; x_wconf 87' lang='lat' dir='ltr'><strong>et</strong></span> <span class='ocrx_word' id='word_1_163' title='bbox 1466 1593 1584 1655; x_wconf 86' lang='lat' dir='ltr'><strong>bap-</strong></span> 
     </span>
     <span class='ocr_line' id='line_1_22' title="bbox 202 1661 1585 1734; baseline -0.007 -19"><span class='ocrx_word' id='word_1_164' title='bbox 202 1671 330 1715; x_wconf 87' lang='lat' dir='ltr'><strong>tismo</strong></span> <span class='ocrx_word' id='word_1_165' title='bbox 357 1670 532 1715; x_wconf 86' lang='lat' dir='ltr'><strong>Joannis</strong></span> <span class='ocrx_word' id='word_1_166' title='bbox 551 1670 796 1734; x_wconf 86' lang='lat' dir='ltr'><strong>baptizatus</strong></span> <span class='ocrx_word' id='word_1_167' title='bbox 815 1678 876 1714; x_wconf 91' lang='lat' dir='ltr'><strong>est</strong></span> <span class='ocrx_word' id='word_1_168' title='bbox 893 1667 1122 1723; x_wconf 83' lang='lat' dir='ltr'><strong>Dominus,</strong></span> <span class='ocrx_word' id='word_1_169' title='bbox 1142 1677 1190 1711; x_wconf 92' lang='lat' dir='ltr'><strong>ut</strong></span> <span class='ocrx_word' id='word_1_170' title='bbox 1214 1664 1422 1727; x_wconf 83' lang='lat' dir='ltr'><strong>superbas</strong></span> <span class='ocrx_word' id='word_1_171' title='bbox 1439 1661 1585 1708; x_wconf 86' lang='lat' dir='ltr'><strong>homi-</strong></span> 
     </span>
     <span class='ocr_line' id='line_1_23' title="bbox 204 1736 1584 1800; baseline -0.007 -15"><span class='ocrx_word' id='word_1_172' title='bbox 204 1758 308 1786; x_wconf 89' lang='lat' dir='ltr'><strong>num</strong></span> <span class='ocrx_word' id='word_1_173' title='bbox 336 1742 520 1788; x_wconf 85' lang='lat' dir='ltr'><strong>cervices</strong></span> <span class='ocrx_word' id='word_1_174' title='bbox 541 1741 594 1786; x_wconf 84' lang='lat' dir='ltr'><strong>ad</strong></span> <span class='ocrx_word' id='word_1_175' title='bbox 610 1741 794 1786; x_wconf 86' lang='lat' dir='ltr'><strong>salutare</strong></span> <span class='ocrx_word' id='word_1_176' title='bbox 818 1756 941 1785; x_wconf 90' lang='lat' dir='ltr'><strong>suum</strong></span> <span class='ocrx_word' id='word_1_177' title='bbox 964 1737 1184 1800; x_wconf 82' lang='lat' dir='ltr'><strong>baptisma</strong></span> <span class='ocrx_word' id='word_1_178' title='bbox 1210 1736 1418 1788; x_wconf 82' lang='lat' dir='ltr'><strong>flecteret,</strong></span> <span class='ocrx_word' id='word_1_179' title='bbox 1442 1745 1584 1778; x_wconf 86' lang='lat' dir='ltr'><strong>etnon</strong></span> 
     </span>
     <span class='ocr_line' id='line_1_24' title="bbox 204 1801 1585 1875; baseline -0.007 -19"><span class='ocrx_word' id='word_1_180' title='bbox 204 1812 316 1856; x_wconf 90' lang='lat' dir='ltr'><strong>solus</strong></span> <span class='ocrx_word' id='word_1_181' title='bbox 334 1812 408 1857; x_wconf 92' lang='lat' dir='ltr'><strong>illo</strong></span> <span class='ocrx_word' id='word_1_182' title='bbox 433 1812 693 1875; x_wconf 84' lang='lat' dir='ltr'><strong>baptismate</strong></span> <span class='ocrx_word' id='word_1_183' title='bbox 717 1811 876 1856; x_wconf 87' lang='lat' dir='ltr'><strong>tinctus</strong></span> <span class='ocrx_word' id='word_1_184' title='bbox 896 1819 973 1864; x_wconf 77' lang='lat' dir='ltr'><strong>est,</strong></span> <span class='ocrx_word' id='word_1_185' title='bbox 996 1824 1049 1852; x_wconf 89' lang='lat' dir='ltr'><strong>ne</strong></span> <span class='ocrx_word' id='word_1_186' title='bbox 1073 1807 1159 1851; x_wconf 92' lang='lat' dir='ltr'><strong>hoc</strong></span> <span class='ocrx_word' id='word_1_187' title='bbox 1184 1806 1278 1868; x_wconf 89' lang='lat' dir='ltr'><strong>ipso</strong></span> <span class='ocrx_word' id='word_1_188' title='bbox 1304 1803 1499 1867; x_wconf 85' lang='lat' dir='ltr'><strong>superius</strong></span> <span class='ocrx_word' id='word_1_189' title='bbox 1527 1801 1585 1847; x_wconf 89' lang='lat' dir='ltr'><strong>il-</strong></span> 
     </span>
     <span class='ocr_line' id='line_1_25' title="bbox 204 1873 1586 1946; baseline -0.009 -17"><span class='ocrx_word' id='word_1_190' title='bbox 204 1882 282 1928; x_wconf 89' lang='lat' dir='ltr'><strong>lud</strong></span> <span class='ocrx_word' id='word_1_191' title='bbox 307 1883 572 1939; x_wconf 82' lang='lat' dir='ltr'><strong>ostenderet,</strong></span> <span class='ocrx_word' id='word_1_192' title='bbox 604 1882 723 1946; x_wconf 89' lang='lat' dir='ltr'><strong>quod</strong></span> <span class='ocrx_word' id='word_1_193' title='bbox 749 1899 796 1927; x_wconf 91' lang='lat' dir='ltr'><strong>eo</strong></span> <span class='ocrx_word' id='word_1_194' title='bbox 818 1880 932 1926; x_wconf 89' lang='lat' dir='ltr'><strong>solus</strong></span> <span class='ocrx_word' id='word_1_195' title='bbox 960 1879 1052 1941; x_wconf 82' lang='lat' dir='ltr'><strong>ipse</strong></span> <span class='ocrx_word' id='word_1_196' title='bbox 1084 1875 1299 1940; x_wconf 88' lang='lat' dir='ltr'><strong>baptizari</strong></span> <span class='ocrx_word' id='word_1_197' title='bbox 1333 1873 1553 1919; x_wconf 80' lang='lat' dir='ltr'><strong>meruisset</strong></span> <span class='ocrx_word' id='word_1_198' title='bbox 1576 1891 1586 1925; x_wconf 90' lang='lat'>;</span> 
     </span>
     <span class='ocr_line' id='line_1_26' title="bbox 206 1946 1589 2016; baseline -0.009 -17"><span class='ocrx_word' id='word_1_199' title='bbox 206 1965 246 1999; x_wconf 91' lang='lat' dir='ltr'><strong>et</strong></span> <span class='ocrx_word' id='word_1_200' title='bbox 271 1953 384 1998; x_wconf 87' lang='lat' dir='ltr'><strong>ultra</strong></span> <span class='ocrx_word' id='word_1_201' title='bbox 409 1953 520 1999; x_wconf 85' lang='lat' dir='ltr'><strong>illud</strong></span> <span class='ocrx_word' id='word_1_202' title='bbox 545 1969 812 2016; x_wconf 76' lang='lat' dir='ltr'><strong>perseverare</strong></span> <span class='ocrx_word' id='word_1_203' title='bbox 837 1967 925 1995; x_wconf 89' lang='lat' dir='ltr'><strong>non</strong></span> <span class='ocrx_word' id='word_1_204' title='bbox 961 1949 1088 2004; x_wconf 82' lang='lat' dir='ltr'><strong>sivit,</strong></span> <span class='ocrx_word' id='word_1_205' title='bbox 1115 1963 1167 1992; x_wconf 91' lang='lat' dir='ltr'><strong>ne</strong></span> <span class='ocrx_word' id='word_1_206' title='bbox 1202 1946 1289 1991; x_wconf 89' lang='lat' dir='ltr'><strong>hoc</strong></span> <span class='ocrx_word' id='word_1_207' title='bbox 1326 1961 1462 1989; x_wconf 87' lang='lat' dir='ltr'><strong>unum</strong></span> <span class='ocrx_word' id='word_1_208' title='bbox 1502 1959 1589 2006; x_wconf 86' lang='lat' dir='ltr'><strong>quo</strong></span> 
     </span>
     <span class='ocr_line' id='line_1_27' title="bbox 205 2015 1467 2088; baseline -0.01 -18"><span class='ocrx_word' id='word_1_209' title='bbox 205 2025 296 2088; x_wconf 88' lang='lat' dir='ltr'><strong>ipse</strong></span> <span class='ocrx_word' id='word_1_210' title='bbox 316 2024 532 2087; x_wconf 80' lang='lat' dir='ltr'><strong>baptizat,</strong></span> <span class='ocrx_word' id='word_1_211' title='bbox 556 2022 749 2082; x_wconf 80' lang='lat' dir='ltr'><strong>indigere</strong></span> <span class='ocrx_word' id='word_1_212' title='bbox 774 2020 1049 2085; x_wconf 68' lang='lat' dir='ltr'><strong>praecedente</strong></span> <span class='ocrx_word' id='word_1_213' title='bbox 1078 2017 1212 2063; x_wconf 82' lang='lat' dir='ltr'><strong>altero</strong></span> <span class='ocrx_word' id='word_1_214' title='bbox 1235 2015 1467 2062; x_wconf 81' lang='lat' dir='ltr'><strong>videretur.</strong></span> 
     </span>
     <span class='ocr_line' id='line_1_28' title="bbox 271 2082 1590 2156; baseline -0.011 -15"><span class='ocrx_word' id='word_1_215' title='bbox 271 2097 373 2142; x_wconf 84' lang='lat' dir='ltr'><strong>XII.</strong></span> <span class='ocrx_word' id='word_1_216' title='bbox 402 2096 565 2152; x_wconf 84' lang='lat' dir='ltr'><strong>Quaero</strong></span> <span class='ocrx_word' id='word_1_217' title='bbox 591 2093 754 2156; x_wconf 79' lang='lat' dir='ltr'><strong>itaque,</strong></span> <span class='ocrx_word' id='word_1_218' title='bbox 791 2093 824 2138; x_wconf 92' lang='lat' dir='ltr'><strong>si</strong></span> <span class='ocrx_word' id='word_1_219' title='bbox 856 2090 1076 2154; x_wconf 86' lang='lat' dir='ltr'><strong>baptismo</strong></span> <span class='ocrx_word' id='word_1_220' title='bbox 1104 2086 1284 2132; x_wconf 84' lang='lat' dir='ltr'><strong>Joannis</strong></span> <span class='ocrx_word' id='word_1_221' title='bbox 1310 2094 1491 2148; x_wconf 73' lang='lat' dir='ltr'><strong>peccata</strong></span> <span class='ocrx_word' id='word_1_222' title='bbox 1516 2082 1590 2127; x_wconf 88' lang='lat' dir='ltr'><strong>di-</strong></span> 
     </span>
     <span class='ocr_line' id='line_1_29' title="bbox 208 2153 1593 2226; baseline -0.01 -15"><span class='ocrx_word' id='word_1_223' title='bbox 208 2166 494 2212; x_wconf 85' lang='lat' dir='ltr'><strong>mittebantur</strong></span> <span class='ocrx_word' id='word_1_224' title='bbox 517 2200 527 2219; x_wconf 80' lang='grc'>,</span> <span class='ocrx_word' id='word_1_225' title='bbox 556 2163 663 2226; x_wconf 89' lang='lat' dir='ltr'><strong>quid</strong></span> <span class='ocrx_word' id='word_1_226' title='bbox 697 2162 884 2225; x_wconf 88' lang='lat' dir='ltr'><strong>amplius</strong></span> <span class='ocrx_word' id='word_1_227' title='bbox 921 2170 1129 2223; x_wconf 86' lang='lat' dir='ltr'><strong>praestare</strong></span> <span class='ocrx_word' id='word_1_228' title='bbox 1166 2156 1312 2220; x_wconf 84' lang='lat' dir='ltr'><strong>potuit</strong></span> <span class='ocrx_word' id='word_1_229' title='bbox 1345 2153 1593 2216; x_wconf 82' lang='lat' dir='ltr'><strong>baptismus</strong></span> 
     </span>
     <span class='ocr_line' id='line_1_30' title="bbox 211 2223 1592 2298; baseline -0.012 -16"><span class='ocrx_word' id='word_1_230' title='bbox 211 2236 376 2282; x_wconf 88' lang='lat' dir='ltr'><strong>Christi</strong></span> <span class='ocrx_word' id='word_1_231' title='bbox 394 2236 452 2281; x_wconf 91' lang='lat' dir='ltr'><strong>eis</strong></span> <span class='ocrx_word' id='word_1_232' title='bbox 474 2251 581 2298; x_wconf 89' lang='lat' dir='ltr'><strong>quos</strong></span> <span class='ocrx_word' id='word_1_233' title='bbox 602 2233 817 2296; x_wconf 82' lang='lat' dir='ltr'><strong>apostolus</strong></span> <span class='ocrx_word' id='word_1_234' title='bbox 843 2231 1006 2276; x_wconf 89' lang='lat' dir='ltr'><strong>Paulus</strong></span> <span class='ocrx_word' id='word_1_235' title='bbox 1022 2238 1123 2292; x_wconf 88' lang='lat' dir='ltr'><strong>post</strong></span> <span class='ocrx_word' id='word_1_236' title='bbox 1144 2225 1417 2289; x_wconf 88' lang='lat' dir='ltr'><strong>baptismum</strong></span> <span class='ocrx_word' id='word_1_237' title='bbox 1453 2223 1592 2268; x_wconf 88' lang='lat' dir='ltr'><strong>Joan-</strong></span> 
     </span>
     <span class='ocr_line' id='line_1_31' title="bbox 209 2293 1595 2368; baseline -0.012 -16"><span class='ocrx_word' id='word_1_238' title='bbox 209 2307 276 2352; x_wconf 89' lang='lat' dir='ltr'><strong>nis</strong></span> <span class='ocrx_word' id='word_1_239' title='bbox 301 2305 468 2351; x_wconf 83' lang='lat' dir='ltr'><strong>Christi</strong></span> <span class='ocrx_word' id='word_1_240' title='bbox 494 2305 714 2368; x_wconf 88' lang='lat' dir='ltr'><strong>baptismo</strong></span> <span class='ocrx_word' id='word_1_241' title='bbox 733 2302 872 2349; x_wconf 87' lang='lat' dir='ltr'><strong>voluit</strong></span> <span class='ocrx_word' id='word_1_242' title='bbox 896 2299 1148 2364; x_wconf 69' lang='lat' dir='ltr'><strong>baptizari?</strong></span> <span class='ocrx_word' id='word_1_243' title='bbox 1171 2296 1218 2341; x_wconf 85' lang='lat' dir='ltr'><strong>Si</strong></span> <span class='ocrx_word' id='word_1_244' title='bbox 1245 2305 1386 2341; x_wconf 87' lang='lat' dir='ltr'><strong>autem</strong></span> <span class='ocrx_word' id='word_1_245' title='bbox 1412 2293 1595 2338; x_wconf 85' lang='lat' dir='ltr'><strong>Joannis</strong></span> 
     </span>
     <span class='ocr_line' id='line_1_32' title="bbox 209 2373 1594 2440; baseline -0.012 -17"><span class='ocrx_word' id='word_1_246' title='bbox 209 2377 431 2440; x_wconf 86' lang='lat' dir='ltr'><strong>baptismo</strong></span> <span class='ocrx_word' id='word_1_247' title='bbox 467 2392 554 2421; x_wconf 87' lang='lat' dir='ltr'><strong>non</strong></span> <span class='ocrx_word' id='word_1_248' title='bbox 582 2373 918 2419; x_wconf 81' lang='lat' dir='ltr'><strong>dimittebantur</strong></span> <span class='ocrx_word' id='word_1_249' title='bbox 945 2379 1128 2433; x_wconf 83' lang='lat' dir='ltr'><strong>peccata</strong></span> <span class='ocrx_word' id='word_1_250' title='bbox 1151 2404 1161 2424; x_wconf 85' lang='lat'>‚</span> <span class='ocrx_word' id='word_1_251' title='bbox 1189 2376 1337 2412; x_wconf 90' lang='lat' dir='ltr'><strong>utrum</strong></span> <span class='ocrx_word' id='word_1_252' title='bbox 1362 2381 1464 2410; x_wconf 87' lang='lat' dir='ltr'><strong>nam</strong></span> <span class='ocrx_word' id='word_1_253' title='bbox 1498 2380 1594 2408; x_wconf 88' lang='lat' dir='ltr'><strong>me-</strong></span> 
     </span>
     <span class='ocr_line' id='line_1_33' title="bbox 211 2433 1598 2506; baseline -0.011 -14"><span class='ocrx_word' id='word_1_254' title='bbox 211 2447 336 2492; x_wconf 81' lang='lat' dir='ltr'><strong>liores</strong></span> <span class='ocrx_word' id='word_1_255' title='bbox 362 2456 482 2492; x_wconf 88' lang='lat' dir='ltr'><strong>erant</strong></span> <span class='ocrx_word' id='word_1_256' title='bbox 502 2449 664 2491; x_wconf 85' lang='lat' dir='ltr'><strong>Joanne</strong></span> <span class='ocrx_word' id='word_1_257' title='bbox 686 2442 899 2506; x_wconf 83' lang='lat' dir='ltr'><strong>Cypriani</strong></span> <span class='ocrx_word' id='word_1_258' title='bbox 922 2439 1211 2503; x_wconf 84' lang='lat' dir='ltr'><strong>temporibus,</strong></span> <span class='ocrx_word' id='word_1_259' title='bbox 1239 2436 1292 2482; x_wconf 87' lang='lat' dir='ltr'><strong>de</strong></span> <span class='ocrx_word' id='word_1_260' title='bbox 1319 2434 1478 2498; x_wconf 88' lang='lat' dir='ltr'><strong>quibus</strong></span> <span class='ocrx_word' id='word_1_261' title='bbox 1506 2433 1598 2496; x_wconf 89' lang='lat' dir='ltr'><strong>ipse</strong></span> 
     </span>
     <span class='ocr_line' id='line_1_34' title="bbox 213 2506 1599 2579; baseline -0.011 -16"><span class='ocrx_word' id='word_1_262' title='bbox 213 2516 321 2563; x_wconf 88' lang='lat' dir='ltr'><strong>dicit</strong></span> <span class='ocrx_word' id='word_1_263' title='bbox 343 2517 390 2574; x_wconf 80' lang='lat'><strong>2,</strong></span> <span class='ocrx_word' id='word_1_264' title='bbox 419 2516 537 2579; x_wconf 87' lang='lat' dir='ltr'><strong>quod</strong></span> <span class='ocrx_word' id='word_1_265' title='bbox 563 2514 725 2561; x_wconf 86' lang='lat' dir='ltr'><strong>fundos</strong></span> <span class='ocrx_word' id='word_1_266' title='bbox 765 2511 980 2558; x_wconf 83' lang='lat' dir='ltr'><strong>insidiosis</strong></span> <span class='ocrx_word' id='word_1_267' title='bbox 1008 2508 1235 2557; x_wconf 79' lang='lat' dir='ltr'><strong>fraudibus</strong></span> <span class='ocrx_word' id='word_1_268' title='bbox 1260 2506 1517 2569; x_wconf 77' lang='lat' dir='ltr'><strong>rapiebant,</strong></span> <span class='ocrx_word' id='word_1_269' title='bbox 1556 2513 1599 2549; x_wconf 89' lang='lat' dir='ltr'><strong>et</strong></span> 
     </span>
     <span class='ocr_line' id='line_1_35' title="bbox 263 2594 864 2639; baseline -0.007 -9"><span class='ocrx_word' id='word_1_270' title='bbox 263 2599 384 2630; x_wconf 75' lang='grc' dir='ltr'><strong>11ὶο111.</strong></span> <span class='ocrx_word' id='word_1_271' title='bbox 403 2610 434 2639; x_wconf 85' lang='lat' dir='ltr'><strong>x,</strong></span> <span class='ocrx_word' id='word_1_272' title='bbox 458 2605 490 2635; x_wconf 72' lang='grc'><strong>4.</strong></span> <span class='ocrx_word' id='word_1_273' title='bbox 506 2615 550 2623; x_wconf 82' lang='lat'><strong>—-</strong></span> <span class='ocrx_word' id='word_1_274' title='bbox 571 2596 585 2619; x_wconf 80' lang='lat'>²</span> <span class='ocrx_word' id='word_1_275' title='bbox 606 2596 678 2630; x_wconf 84' lang='lat' dir='ltr'><strong>Lib.</strong></span> <span class='ocrx_word' id='word_1_276' title='bbox 699 2595 738 2627; x_wconf 86' lang='lat' dir='ltr'><strong>de</strong></span> <span class='ocrx_word' id='word_1_277' title='bbox 754 2594 864 2639; x_wconf 71' lang='lat' dir='ltr'><strong>lapsis.</strong></span> 
     </span>
    </p>
   </div>
  </div>
 </body>
</html>
