1894 3154
321 214 414 275 470
739 228 774 257 s.
818 227 1062 258 Auensnm
1097 228 1300 258 EPISCOPI

320 290 525 339 accusari.
549 291 631 338 Sed
646 309 744 337 sane
757 291 975 353 distinguo
989 314 999 348 3
1019 294 1122 357 quia
1134 293 1205 340 ille
1220 293 1337 358 apud
1354 311 1421 339 me
1438 295 1578 355 arguit
1592 313 1690 342 eum

323 380 450 426 quem
469 367 561 421 jam
581 363 683 408 olim
704 362 955 409 defunctum
988 383 1080 410 mea
1101 365 1291 425 cognitio
1331 381 1418 411 non
1449 366 1689 425 judicavit3

321 450 396 492 ego
411 437 446 492 ej
456 450 500 478 us
518 433 638 478 lateri
658 433 947 478 cohaerentem
964 435 1158 489 ostendo,
1175 453 1302 498 quem
1317 453 1338 482 a
1356 453 1397 482 se
1416 435 1689 491 damnatum,

321 503 389 548 vel
415 518 528 548 certe
547 503 751 562 sacrilego
775 504 1003 549 schismate
1017 515 1276 567 separatum,
1301 507 1390 551 sine
1410 505 1496 551 ulla
1517 506 1696 552 honoris

323 576 413 632 ejus
431 573 718 618 diminutione
738 574 944 636 suscepit.

385 644 482 690 XX.
514 665 534 684 α
562 644 881 707 Nequissimus,
907 644 1069 707 inquit,
1094 644 1277 691 traditor
1299 646 1425 691 nobis
1447 647 1581 708 legem
1606 666 1697 694 ser-

324 713 529 758 vantibus
554 723 804 775 persecutor
828 724 868 759 et
893 712 1082 759 carnifex
1106 715 1291 761 extitisti.
1325 737 1345 757 >³
1377 716 1423 761 Si
1446 717 1580 777 legem
1607 735 1697 763 ser-

323 793 536 828 vaverunt
560 783 887 829 Maximianistae
907 821 917 838 ,
939 801 1039 829 cum
1067 802 1087 829 a
1105 795 1145 830 te
1169 786 1352 848 separati
1372 798 1498 841 sunt;
1518 789 1571 833 sis
1592 799 1633 833 et
1652 798 1699 833 tu

325 863 514 897 servator
536 853 655 912 legis,
681 870 782 899 cum
801 854 856 898 ab
879 854 1086 910 Ecclesia,
1114 871 1214 917 quae
1237 855 1280 900 in
1304 867 1391 901 toto
1416 858 1522 903 orbe
1545 858 1701 904 diffusa

325 934 404 977 est,
434 934 653 985 separatus
685 941 740 970 es.
784 923 914 980 Quod
935 924 968 968 si
1001 924 1054 969 de
1074 927 1449 987 persecutionibus
1471 928 1576 987 agis,
1615 929 1702 974 cito

330 993 590 1056 respondeo,
621 994 655 1039 si
689 994 852 1057 aliquid
874 994 1021 1057 inique
1037 995 1150 1057 passi
1172 995 1286 1049 estis,
1307 1013 1395 1041 non
1408 998 1623 1059 pertinere
1648 998 1704 1044 ad

331 1080 418 1119 eos,
443 1065 518 1127 qui
540 1065 638 1109 talia
658 1064 861 1110 facientes
892 1066 1092 1127 quamvis
1112 1065 1380 1127 improbent,
1407 1084 1488 1129 pro
1505 1085 1612 1130 pace
1635 1079 1704 1113 ta-

331 1150 429 1178 men
449 1135 625 1180 unitatis
643 1134 922 1180 laudabiliter
941 1135 1136 1181 tolerant.
1166 1137 1447 1199 Quapropter
1467 1155 1553 1182 non
1568 1138 1706 1183 habes

329 1204 447 1267 quod
483 1205 664 1264 objicias
687 1204 916 1250 frumentis
955 1205 1196 1250 Dominicis
1222 1206 1390 1269 paleam
1425 1224 1545 1252 suam
1573 1224 1707 1270 usque

331 1272 385 1318 ad
412 1274 733 1320 ventilationem
753 1275 947 1320 ultimam
967 1274 1295 1331 sustinentibus,
1312 1294 1333 1321 a
1354 1277 1515 1339 quibus
1535 1288 1580 1322 tu
1599 1295 1709 1322 nun-

331 1360 463 1406 quam
480 1345 731 1396 recessisses,
754 1346 835 1391 nisi
852 1345 988 1390 levior
1002 1345 1126 1407 palea
1140 1356 1266 1391 vento
1287 1348 1531 1392 tentationis
1552 1358 1593 1392 et
1612 1358 1708 1393 ante

334 1414 565 1459 adventum
604 1415 866 1460 ventilatoris
881 1415 1101 1461 avolasses.
1125 1416 1207 1461 Sed
1226 1426 1272 1460 ut
1293 1416 1347 1461 ab
1367 1416 1453 1462 hoc
1474 1434 1560 1462 uno
1575 1435 1710 1463 exem-

331 1483 430 1545 pIO,
456 1484 573 1546 quod
599 1485 651 1529 ad
676 1485 855 1529 istorum
894 1502 967 1529 ora
1001 1484 1261 1540 claudenda,
1308 1497 1350 1530 et
1382 1503 1450 1531 eos
1477 1486 1510 1531 si
1540 1488 1711 1549 sapiant

332 1553 626 1612 corrigendos,
647 1555 680 1599 si
695 1566 834 1600 autem
848 1556 891 1599 in
911 1555 1187 1616 perversitate
1207 1567 1424 1612 maneant,
1445 1556 1711 1611 confunden-

334 1621 428 1675 dos,
455 1623 500 1668 in
519 1641 666 1669 eorum
686 1624 816 1669 facies
856 1624 1014 1670 refudit
1046 1626 1272 1677 Dominus,
1302 1643 1388 1671 non
1416 1627 1613 1672 recedam
1641 1645 1651 1671 :
1679 1627 1713 1672 si

332 1693 530 1751 justiores
560 1705 659 1739 sunt
677 1696 753 1757 qui
771 1695 998 1757 patiuntur
1023 1696 1385 1757 persecutionem,
1407 1714 1537 1759 quam
1554 1697 1617 1742 ilh
1636 1697 1714 1760 qui

334 1762 527 1817 faciunt3
547 1764 677 1809 iidem
697 1765 1022 1810 maximianistae
1035 1767 1236 1824 justiores
1251 1778 1351 1811 sunt
1370 1784 1555 1830 quorum
1575 1778 1616 1813 et
1635 1769 1713 1813 ba-

338 1835 457 1880 silica
479 1835 675 1881 funditus
693 1853 836 1881 eversa
854 1847 932 1889 est,
957 1847 998 1881 et
1016 1837 1194 1882 militari
1216 1838 1370 1900 Optati
1388 1839 1597 1884 comitatu
1615 1855 1714 1898 gra-

338 1905 448 1949 viter
474 1906 621 1963 agitati
658 1917 774 1956 sunt,
801 1917 841 1950 et
864 1907 1077 1964 jussiones
1100 1907 1376 1969 proconsulis
1400 1907 1454 1953 ad
1479 1925 1626 1953 omnes
1646 1924 1715 1953 eos

340 1974 392 2019 de
416 1974 604 2019 basilicis
627 1975 913 2020 excludendos
933 1994 954 2020 a
979 1977 1265 2022 Primianistis
1297 1979 1541 2040 impetratae
1569 1978 1714 2024 mani-

340 2044 459 2090 festae
485 2055 598 2090 sunt.
627 2046 908 2109 Quapropter
927 2047 959 2091 si
992 2047 1329 2110 imperatoribus
1347 2065 1495 2093 eorum
1517 2064 1719 2093 commu-

341 2115 514 2159 nionem
526 2114 838 2161 detestantibus
852 2115 903 2161 ad
920 2117 1233 2179 persequendos
1252 2118 1587 2163 Maximianistas
1600 2128 1721 2163 tanta

343 2194 443 2228 sunt
467 2185 574 2234 ausi,
600 2185 707 2247 quid
740 2185 927 2231 facerent
944 2186 975 2230 si
1003 2186 1060 2231 eis
1093 2204 1172 2249 per
1200 2204 1347 2246 regum
1371 2188 1720 2233 communionem

345 2253 509 2317 aliquid
528 2255 691 2301 efficere
727 2256 907 2301 liceret?
937 2257 980 2301 Si
1008 2267 1150 2301 autem
1181 2268 1227 2302 ut
1250 2275 1402 2320 pravos
1439 2258 1719 2317 corrigerent,

343 2323 423 2369 ista
443 2324 655 2381 fecerunt,
682 2326 789 2390 quid
812 2327 1024 2371 mirantur
1047 2327 1079 2372 si
1098 2327 1306 2372 catholici
1329 2328 1609 2390 imperatores
1635 2345 1724 2373 ma-

341 2399 434 2455 jore
461 2405 670 2458 potestate
708 2396 923 2455 urgendos
963 2396 1327 2459 corrigendosque
1360 2397 1601 2443 decernunt
1626 2415 1721 2454 eos,

345 2467 422 2530 qui
441 2476 575 2512 totum
591 2466 741 2511 orbem
755 2467 1040 2511 christianum
1078 2467 1348 2529 rebaptizare
1370 2478 1600 2522 conantur,
1625 2484 1725 2513 cum

350 2552 522 2582 causam
546 2535 824 2582 dissentiendi
845 2553 931 2581 non
949 2537 1163 2591 habeam
1187 2537 1546 2601 quandoquidem
1572 2538 1723 2594 malos,
