1894 3154
315 251 372 284 DE
407 250 629 284 BAPTISMO
664 250 841 283 CONTRA
875 250 1171 294 DONATISTAS‚
1210 253 1298 286 LIB.
1340 254 1401 286 1v.
1476 239 1563 286 311

205 404 872 420 wmmwzmmwmmmssae
878 405 1507 421 wseommmmmwsmmw}
1513 408 1572 424 m

748 527 930 574 LIBER
967 527 1041 574 IV.

228 661 288 703 ln
308 675 392 716 quo
430 670 588 704 tractat
613 675 708 716 quce
731 659 1051 712 subsequuntur
1078 659 1128 699 in
1148 658 1300 701 eadem
1329 660 1547 718 Cypriani

584 725 787 782 Epistola
807 725 866 766 ad
881 723 1175 766 Jubaianum.

264 872 297 914 Ι.
329 867 578 914 ECCLEfflAl
598 867 800 933 paradiso
818 878 1088 931 comparata,
1115 866 1283 912 indicat
1303 866 1430 912 nobis
1446 885 1572 930 posse

194 938 371 1001 quidem
394 943 486 999 ejus
508 940 777 1002 baptismum
811 939 1011 984 homines
1045 937 1173 983 etiam
1202 937 1307 983 foris
1338 937 1535 1001 accipere
1556 976 1569 995 ‚

194 1008 268 1054 sed
293 1008 473 1054 salutem
500 1009 782 1054 beatitudinis
805 1019 922 1053 extra
954 1025 1048 1053 eam
1072 1008 1289 1053 neminem
1322 1007 1389 1053 vel
1427 1009 1574 1071 perci-

194 1097 296 1142 pere
313 1079 381 1126 vel
400 1090 555 1126 tenere.
580 1081 692 1125 Nam
713 1090 755 1124 et
773 1078 954 1124 flumina
977 1078 1030 1124 de
1063 1078 1182 1124 fonte
1212 1078 1426 1141 paradisi,
1460 1079 1574 1125 sicut

197 1155 425 1218 Scriptura
459 1165 639 1200 testatur
659 1155 677 1183 2
697 1191 709 1211 ,
742 1155 871 1200 etiam
903 1153 1016 1199 foras
1046 1154 1221 1213 largiter
1262 1165 1565 1202 manaverunt.

196 1228 461 1273 Nominatim
489 1229 655 1291 quippe
678 1238 1074 1273 commemorantur
1093 1264 1103 1283 ‚
1130 1238 1172 1272 et
1196 1245 1274 1290 per
1297 1244 1406 1290 quas
1441 1239 1575 1273 terras

195 1297 351 1350 fluant,
377 1308 418 1342 et
441 1299 544 1360 quia
561 1308 675 1343 extra
703 1297 955 1359 paradisum
970 1298 1207 1342 constituta
1230 1308 1344 1351 sunt,
1371 1298 1574 1344 omnibus

195 1379 348 1414 notum
366 1379 456 1413 est:
478 1385 558 1414 nec
583 1380 728 1414 tamen
756 1368 801 1413 in
836 1368 1155 1431 Mesopotamia
1178 1367 1247 1413 vel
1272 1367 1318 1412 in
1356 1370 1542 1431 [Egypto
1559 1406 1570 1425 ‚

196 1456 283 1502 quo
313 1438 386 1484 illa
411 1439 594 1484 flumina
632 1449 945 1502 pervenerunt,
979 1450 1042 1484 est
1076 1438 1256 1484 felicitas
1278 1438 1381 1484 vitae
1399 1456 1500 1502 quae
1530 1439 1576 1485 in

193 1509 396 1573 paradiso
420 1520 803 1556 commemoratur.
835 1511 901 1555 Ita
928 1509 1003 1565 fit,
1038 1519 1088 1554 ut
1113 1526 1216 1554 cum
1244 1509 1437 1572 paradisi
1464 1527 1575 1573 aqua

196 1581 382 1625 sitextra
414 1580 682 1643 paradisum,
716 1579 941 1626 beatitudo
963 1591 1107 1625 tamen
1137 1597 1226 1624 non
1266 1580 1321 1625 sit
1354 1580 1437 1625 nisi
1462 1581 1578 1625 intra

195 1651 464 1714 paradisum.
495 1651 568 1696 Sic
582 1669 680 1711 ergo
699 1651 944 1714 baptismus
966 1650 1171 1701 Ecclesiae
1198 1660 1340 1713 potest
1356 1667 1443 1695 esse
1461 1661 1577 1696 extra

197 1727 434 1772 Ecclesiam
450 1765 461 1784 ,
482 1745 640 1773 munus
663 1739 805 1773 autem
828 1728 970 1774 beatae
997 1727 1100 1773 vitae
1123 1743 1212 1771 non
1238 1726 1321 1772 nisi
1346 1726 1462 1772 intra
1487 1728 1575 1772 Ec—

197 1797 369 1843 clesiam
387 1799 601 1862 reperitur
622 1817 632 1844 :
658 1816 757 1862 quae
774 1816 905 1862 super
923 1808 1093 1862 petram
1107 1797 1236 1843 etiam
1258 1796 1442 1842 fundata
1460 1809 1521 1843 est
1537 1797 1573 1851 ὃ,

198 1884 298 1931 quae
321 1868 486 1928 ligandi
505 1880 546 1914 et
570 1869 763 1915 solvendi
783 1869 924 1915 claves
942 1868 1126 1931 accepit.
1151 1868 1258 1913 Haec
1284 1878 1346 1912 est
1366 1884 1453 1912 una
1477 1885 1578 1930 quae

198 1949 314 1984 tenet
344 1949 387 1983 et
411 1939 606 2002 possidet
630 1957 807 1985 omnem
834 1939 898 1984 sui
932 1939 1079 2002 sponsi
1110 1949 1150 1983 et
1185 1937 1357 1982 Domini
1379 1948 1576 2000 potesta-

198 2019 309 2053 tem:
332 2026 410 2072 per
439 2026 570 2072 quam
606 2009 879 2070 conjugalem
904 2019 1164 2072 potestatem
1185 2008 1314 2053 etiam
1331 2008 1384 2053 de
1412 2009 1579 2054 anciliis

197 2079 309 2125 filios
333 2097 484 2143 parere
506 2090 650 2144 potest
670 2099 680 2126 :
704 2081 781 2145 qui
803 2081 835 2126 si
855 2097 943 2125 non
968 2080 1225 2142 superbiant
1246 2079 1293 2124 in
1311 2090 1466 2124 sortem
1478 2079 1577 2124 hae-

197 2150 391 2197 reditatis
423 2151 730 2206 vocabuntur3
759 2151 794 2197 si
813 2161 957 2196 autem
983 2149 1266 2213 superbiant,
1295 2160 1411 2195 extra
1433 2167 1577 2195 rema-

198 2221 381 2268 nebunt.

262 2293 322 2339 ΙΙ.
356 2292 492 2352 Magis
509 2309 610 2352 ergo
629 2292 730 2356 quia
752 2311 834 2356 pro
850 2291 1056 2338 Ecclesiae
1078 2291 1246 2337 honore
1265 2301 1395 2355 atque
1414 2291 1579 2338 unitate

198 2379 447 2425 pugnamus
463 2400 475 2419 ,
498 2380 586 2408 non
606 2364 850 2409 tribuamus
877 2362 1095 2408 haereticis
1113 2362 1334 2426 quidquid
1357 2362 1478 2427 apud
1511 2380 1581 2409 eos

200 2436 292 2493 ejus
314 2434 584 2493 agnoscimus
606 2452 617 2480 ι
650 2434 723 2480 sed
749 2451 820 2480 eos
848 2443 1071 2493 arguentes
1099 2433 1331 2480 doceamus
1348 2471 1360 2490 ,
1389 2433 1509 2498 quod
1534 2451 1583 2479 ex

249 2535 261 2557 ¹
292 2539 340 2568 Ex
366 2535 461 2580 epist.
483 2537 636 2582 Cypriani
661 2537 701 2571 ad
727 2536 935 2574 Jubaianum.
962 2554 1010 2563 —-
1040 2535 1055 2559 2
1074 2539 1156 2571 Gen.
1179 2548 1207 2569 11
1222 2560 1231 2577 ,
1252 2538 1346 2574 8-10.
1365 2555 1410 2564 --
1427 2534 1442 2560 ³
1463 2535 1579 2571 Matih.

202 2598 257 2621 xvx
274 2613 284 2632 ,
307 2591 364 2623 18.
