1894 3154
258 286 318 340 42
677 297 711 326 s.
755 293 999 326 Aueusrml
1034 290 1236 322 EPISCOP1

255 366 306 411 In
321 374 435 410 sexto
448 362 667 427 quomodo
685 361 828 407 dictus
845 360 898 405 sit
917 357 1119 404 Christus
1132 372 1203 401 ore
1225 354 1497 419 Apostolico:
1513 375 1533 395 ε(
1546 353 1628 400 Dei

256 456 278 478 »
299 435 460 481 virtute
478 445 519 479 et
536 433 615 478 Dei
636 429 896 494 sapientia1‚
919 450 939 470 n
962 429 1022 473 sie
1041 427 1307 490 disputatur,
1335 435 1383 470 ut
1402 422 1629 470 differatur

254 505 402 552 eadem
423 495 605 568 quaestio
630 502 878 561 diligentius
904 498 1206 545 retractanda:
1233 507 1378 542 utrum
1407 514 1429 541 a
1458 512 1544 558 quo
1568 505 1630 540 est

255 577 423 638 genitus
448 575 672 629 Christus,
699 590 787 618 non
808 572 860 617 sit
884 572 973 634 ipse
1001 568 1206 632 sapientia
1223 605 1233 622 ,
1268 567 1340 613 sed
1364 577 1534 612 tantum
1558 583 1630 611 sa-

253 647 430 711 pientiae
448 663 536 691 suae
555 656 696 708 pater,
722 661 776 688 an
792 642 999 706 sapientia
1023 640 1275 703 sapientiam
1302 639 1510 698 genuerit.
1544 636 1629 682 Sed

253 718 484 781 quodlibet
503 716 662 761 horum
684 725 815 766 esset,
839 713 967 758 etiam
991 712 1034 757 in
1061 711 1147 756 hoe
1166 710 1281 755 libro
1303 709 1507 771 apparuit
1530 707 1630 752 Tri-

250 787 395 831 nitatis
411 785 633 848 aequalitas
649 821 658 837 ‚
684 793 725 827 et
748 799 837 826 non
857 783 972 826 Deus
997 779 1150 841 triplex
1165 816 1176 833 ,
1212 778 1285 823 sed
1309 778 1522 823 Trinitas:
1550 794 1629 822 nec

250 856 370 919 quasi
392 854 557 917 aliquid
585 853 772 916 duplum
794 869 879 897 esse
902 853 1074 896 Patrem
1101 860 1143 894 et
1162 848 1316 893 Filium
1343 848 1396 892 ad
1422 847 1630 910 simplum

255 925 467 988 Spiritum
485 934 711 975 sanctum3
740 922 815 967 uhi
844 938 924 965 nec
950 920 1029 964 tria
1052 919 1152 982 plus
1183 917 1348 980 aliquid
1375 927 1475 962 sunt
1498 933 1631 980 quam

252 1011 388 1041 unum
412 994 586 1039 horum.
609 993 890 1055 Disputatum
907 1001 967 1035 est
979 990 1107 1034 etiam
1121 987 1343 1052 quomodo
1356 988 1492 1050 possit
1508 985 1632 1032 intel-

251 1064 324 1124 ligi
350 1064 469 1127 quod
500 1064 560 1108 ait
582 1063 776 1108 Hilarius
798 1062 1043 1124 Episcopus
1064 1077 1074 1104 ι
1101 1080 1121 1100 «
1139 1058 1365 1103 AEternitas
1397 1058 1442 1103 in
1466 1059 1596 1102 Patre
1616 1093 1627 1111 ‚

252 1156 274 1176 >2
298 1135 459 1197 species
478 1134 523 1178 in
543 1133 735 1192 Imagine
754 1169 764 1187 ,
786 1149 887 1177 usus
904 1131 948 1175 in
970 1133 1158 1176 Munere.
1187 1150 1205 1169 >³
1225 1131 1275 1173 ln
1294 1129 1477 1191 septimo
1495 1144 1634 1191 quaes-

250 1206 311 1250 tio
335 1221 435 1267 quae
457 1203 590 1249 dilata
609 1202 781 1257 fuerat,
809 1201 1052 1264 explicatur
1068 1237 1078 1251 ,
1101 1200 1161 1245 ita
1184 1210 1233 1244 ut
1256 1202 1372 1243 Deus
1391 1198 1466 1261 qui
1485 1197 1634 1257 genuit

250 1274 436 1329 Filium,
465 1290 553 1318 non
580 1272 716 1318 solum
743 1274 796 1318 sit
820 1273 948 1316 Pater
980 1270 1150 1315 virtutis
1186 1280 1226 1314 et
1258 1269 1481 1332 sapientiae
1509 1284 1627 1324 suae,

253 1344 325 1390 sed
343 1344 471 1389 etiam
493 1344 586 1406 ipse
604 1344 738 1389 virtus
755 1354 882 1406 atque
896 1341 1103 1404 sapientia
1123 1358 1133 1385 ε
1157 1340 1217 1385 sic
1234 1350 1276 1384 et
1295 1339 1483 1402 Spiritus
1504 1355 1632 1384 sanc-

253 1425 323 1460 tus
343 1432 353 1459 :
381 1430 459 1459 nec
479 1424 625 1459 tamen
647 1412 775 1459 simul
800 1423 882 1457 tres
899 1413 984 1456 sint
999 1412 1180 1457 virtutes
1198 1420 1272 1455 aut
1288 1420 1370 1454 tres
1388 1408 1628 1471 sapientiae,

254 1484 326 1530 sed
349 1501 432 1529 una
456 1484 592 1530 virtus
610 1494 653 1528 et
676 1501 761 1529 una
785 1482 994 1545 sapientia
1010 1519 1020 1537 ‚
1055 1481 1168 1526 sieut
1197 1496 1309 1525 unus
1333 1482 1447 1524 Deus
1481 1489 1522 1524 et
1547 1495 1633 1524 una

255 1555 446 1601 essentia.
481 1553 648 1600 Deinde
675 1554 909 1617 quaesitum
939 1563 1024 1605 est,
1055 1550 1277 1614 quomodo
1308 1549 1512 1595 dicantur
1547 1566 1634 1611 una

254 1625 430 1670 essentia
447 1661 458 1679 ,
487 1636 571 1669 tres
591 1640 812 1686 personae,
837 1622 903 1667 vel
927 1640 948 1667 a
969 1620 1232 1684 quibusdam
1257 1619 1423 1665 Graecis
1448 1636 1533 1664 una
1565 1636 1634 1664 es-

255 1695 389 1740 sentia
405 1731 415 1747 ,
446 1704 530 1739 tres
552 1693 839 1738 substantiae:
866 1703 909 1736 et
933 1691 1156 1736 inventum
1184 1700 1245 1735 est
1277 1689 1531 1735 elocutionis
1556 1706 1635 1734 ne-

257 1764 449 1809 cessitate
476 1763 591 1815 dici,
618 1773 668 1807 ut
687 1762 831 1824 aliquo
854 1778 941 1806 uno
960 1761 1132 1806 nomine
1156 1761 1508 1814 enuntiarentur,
1536 1776 1635 1805 cum

256 1833 486 1896 quaerstur,
510 1832 616 1894 quid
635 1842 718 1877 tres
744 1832 851 1885 sint,
871 1848 979 1893 quos
1006 1842 1088 1874 tres
1111 1847 1196 1876 esse
1217 1829 1425 1874 veraciter
1449 1829 1636 1877 confite-

255 1920 372 1957 mur,
402 1904 575 1949 Patrem
602 1901 764 1947 scilieet
784 1937 795 1956 ,
821 1911 862 1945 et
886 1899 1042 1945 Filium
1065 1936 1075 1954 ,
1109 1909 1150 1945 et
1177 1899 1389 1961 Spiritum
1415 1909 1629 1945 sanctum.

254 1973 306 2017 In
341 1983 493 2017 octavo
528 1971 693 2016 ratione
727 1971 853 2016 etiam
890 1969 1061 2014 reddita
1094 1968 1434 2028 intelligentibus
1470 1967 1636 2014 clarum

255 2052 317 2087 est
341 2042 386 2087 in
411 2041 650 2086 substantia
677 2040 868 2085 veritatis
886 2077 896 2095 ,
921 2056 1009 2084 non
1032 2038 1169 2084 solum
1200 2040 1375 2083 Patrem
1412 2038 1520 2083 Filio
1548 2054 1638 2084 non

255 2128 340 2156 esse
369 2114 576 2170 majorem
597 2147 607 2162 ,
639 2109 712 2155 sed
747 2126 826 2154 nec
851 2109 1002 2154 ambos
1037 2108 1166 2153 simul
1194 2107 1360 2171 aliquid
1390 2112 1529 2167 majus
1551 2124 1638 2152 esse

257 2198 387 2243 quam
417 2180 554 2225 solum
593 2179 805 2242 Spiritum
833 2189 1029 2223 sanetum
1048 2215 1059 2233 ,
1093 2189 1167 2223 aut
1197 2177 1417 2239 quoslibet
1448 2178 1556 2223 duos
1591 2177 1638 2222 in

256 2251 404 2297 eadem
441 2251 656 2296 Trinitate
687 2254 826 2309 majtls
867 2267 953 2294 esse
988 2249 1153 2312 aliquid
1190 2266 1319 2312 quam
1357 2266 1491 2294 unum
1507 2286 1517 2304 ,
1564 2259 1639 2293 aut

253 2338 401 2367 omnes
421 2320 549 2365 simul
565 2330 648 2365 tres
661 2324 800 2378 majus
814 2319 978 2382 aliquid
997 2336 1222 2381 essequam
1241 2318 1444 2377 singulos.
1472 2316 1639 2362 Deinde

262 2409 340 2455 per
367 2391 586 2436 veritatem
617 2408 717 2453 quae
751 2390 965 2435 intellecta
995 2389 1285 2452 conspicitur,
1315 2400 1355 2433 et
1372 2405 1450 2451 per
1471 2388 1640 2433 honum

256 2478 475 2507 summum
502 2478 524 2505 a
543 2477 632 2523 quo
655 2471 717 2504 est
740 2477 867 2505 omne
889 2461 1054 2506 bonum
1075 2497 1085 2516 ,
1112 2471 1154 2505 et
1174 2477 1251 2522 per
1270 2459 1483 2518 justitiam
1503 2475 1637 2520 prop-

251 2542 316 2577 ter
332 2547 468 2594 quam
489 2529 685 2589 diligitur
702 2530 871 2576 animus
887 2535 1029 2590 justus
1051 2532 1106 2577 ab
1127 2531 1272 2577 animo
1294 2529 1421 2575 etiam
1438 2527 1636 2574 nondum

298 2616 307 2636 ¹
335 2625 347 2644 x
372 2614 445 2645 Cor.
477 2623 502 2651 1,
524 2618 581 2648 24.
