1894 3154
329 242 422 298 466
736 254 771 283 s,
813 250 1059 282 AUGUSTINI
1093 249 1297 282 EPISGOPI

327 326 496 373 maticis
519 325 621 381 suis,
646 333 695 370 ut
716 339 787 369 eos
805 332 846 368 et
866 331 1060 367 mortuos
1084 331 1126 367 et
1144 320 1384 385 insepultos
1407 331 1564 368 vocent
1584 338 1597 366 ε
1627 321 1703 370 sed

328 408 442 444 certe
460 407 609 460 optare
627 394 873 441 debuerunt
892 403 940 438 ut
959 392 1260 455 sepelirentur,
1278 410 1331 438 ne
1348 392 1402 439 de
1419 392 1702 439 multitudine

260 465 264 467 i
321 468 563 530 jacentium
597 467 644 512 in
669 465 811 511 littore
833 463 1096 509 cadaverum
1119 464 1438 527 insepultorum
1466 464 1703 510 Gildonia-

325 557 408 586 nus
429 539 618 601 Optatus
635 535 839 582 incedens
860 550 961 579 cum
979 534 1149 592 agmine
1168 535 1346 579 militari
1365 571 1377 590 ‚
1398 545 1609 598 tanquam
1629 551 1704 580 ra-

326 609 460 674 pidus
475 608 634 652 fluctus
649 605 763 650 ultra
779 602 1021 667 prosiliem,
1045 604 1077 647 F
1081 602 1312 649 elicianum
1333 614 1375 649 et
1394 605 1704 650 Praetextatum

326 680 538 726 introrsus
560 686 707 740 postea
734 673 988 719 resorberet.

389 750 494 796 XII.
528 749 564 794 A
586 746 746 810 quibus
765 761 916 808 quaero
933 779 944 800 ‚
973 753 1122 788 utrum
1143 742 1198 788 ad
1218 760 1367 789 eorum
1390 744 1568 807 pelagus
1587 761 1705 790 com-

327 818 512 867 meando
547 816 818 869 revixerunt,
857 831 910 859 an
942 812 1091 859 adhuc
1126 813 1191 859 ibi
1222 815 1382 859 mortui
1413 817 1621 860 manent?
1658 815 1705 860 Si

318 891 440 938 'enim
463 886 747 934 nihilominus
766 883 978 930 cadavera
997 893 1121 939 sunt,
1158 900 1239 929 nec
1262 883 1410 947 aliquo
1434 885 1565 931 modo
1589 902 1702 948 pro-

329 961 423 1007 dest
443 960 666 1005 lavacrum
685 956 744 1000 eis
762 954 839 1018 qui
857 954 912 999 ab
930 954 1020 999 istis
1041 954 1223 999 mortuis
1240 954 1534 1017 baptizantur.
1564 956 1610 1001 Si
1629 971 1704 1001 au-

324 1043 413 1076 tem
440 1029 714 1082 revixerunt,
751 1023 974 1088 quomodo
1005 1023 1184 1085 prodest
1208 1023 1432 1070 lavacrum
1463 1025 1568 1081 illis,
1596 1041 1705 1088 quos

327 1118 430 1147 cum
461 1098 670 1144 exanimes
695 1099 916 1155 jacerent,
954 1092 1056 1138 foris
1094 1104 1218 1138 antea
1244 1094 1552 1156 baptizarunt,
1591 1095 1624 1139 si
1655 1110 1705 1139 eo

327 1170 460 1216 modo
484 1185 571 1232 quo
599 1174 759 1230 putant
783 1162 1115 1222 intelligendum
1140 1174 1203 1208 est
1225 1181 1236 1208 ε
1267 1184 1287 1204 «
1308 1165 1397 1220 Qui
1414 1165 1666 1227 baptizatur
1683 1180 1707 1208 a

330 1263 352 1284 ))
366 1250 556 1293 mortuo,
571 1235 680 1300 quid
700 1235 738 1280 ei
756 1233 931 1298 prodest
950 1232 1171 1279 lavacrum
1191 1236 1307 1293 ejus?
1330 1256 1350 1275 ›>
1369 1236 1453 1280 Eos
1472 1237 1585 1280 enim
1599 1250 1708 1297 quos

329 1313 616 1359 Praetextatus
639 1318 682 1353 et
703 1305 947 1351 Felicianus
965 1341 976 1361 ‚
997 1321 1099 1349 cum
1123 1304 1269 1350 adhuc
1293 1306 1557 1351 Maximiano
1581 1322 1708 1350 com-

328 1382 627 1433 municarent‚
654 1375 990 1439 baptizaverunt
1006 1411 1017 1430 ‚
1044 1391 1163 1420 nunc
1185 1392 1329 1420 secum
1350 1393 1439 1420 non
1457 1376 1707 1438 rebaptizam

327 1463 394 1498 tos
416 1468 516 1497 cum
539 1448 700 1495 eisdem
734 1445 1084 1508 baptizatoribus
1107 1445 1218 1500 suis,
1255 1445 1342 1490 hoc
1369 1455 1457 1501 est,
1488 1445 1709 1491 Feliciano

327 1533 371 1569 et
389 1525 648 1566 Praetextato
674 1517 791 1562 intus
815 1516 983 1561 habent
1006 1515 1237 1576 permixtos
1255 1515 1554 1560 communioni
1577 1530 1667 1560 suae
1690 1531 1701 1559 ε

330 1596 455 1652 cujus
472 1589 578 1636 facti
595 1587 820 1634 occasione
834 1624 845 1643 ‚
871 1587 905 1631 si
922 1602 1011 1631 non
1031 1601 1122 1631 suae
1139 1584 1392 1648 pertinaciae
1411 1585 1712 1648 principatum

328 1663 553 1717 foverent,
582 1658 656 1705 sed
693 1656 898 1721 spiritalis
932 1673 1020 1702 suae
1049 1656 1198 1702 salutis
1230 1666 1317 1701 tam
1342 1667 1509 1702 certum
1535 1655 1712 1701 exitium

332 1732 596 1792 cogitarent,
623 1726 824 1787 evigilare
856 1726 1007 1789 utique
1029 1725 1260 1782 deberent,
1296 1736 1338 1771 et
1370 1725 1502 1771 animi
1531 1725 1712 1771 sanitate

333 1812 508 1865 recepta
530 1801 576 1846 in
591 1814 701 1862 pace
719 1796 939 1843 catholica
959 1796 1170 1860 respirare
1189 1816 1200 1850 ;
1228 1796 1263 1841 si
1291 1806 1461 1841 tumore
1493 1795 1712 1859 superbiae

336 1874 479 1937 posito
498 1909 509 1928 ‚
536 1881 577 1916 et
599 1867 860 1932 pervicaciae
885 1865 1032 1912 furore
1060 1877 1261 1930 superato
1277 1904 1288 1923 ,
1311 1866 1469 1913 vellent
1495 1865 1713 1912 attendere

337 1959 473 2007 quam
507 1938 689 1985 immani
718 1936 941 1995 sacrilegio
976 1936 1362 1982 transmarinarum
1392 1936 1710 1993 Ecclesiamm,

339 2029 446 2076 quas
468 2011 699 2073 primaevas
723 2007 823 2052 sitas
846 2022 893 2051 ex
914 2006 1072 2050 sanctis
1088 2005 1211 2050 libris
1240 2007 1488 2069 accepimus
1504 2043 1514 2063 ‚
1545 2007 1715 2069 baptis-

338 2100 436 2130 mus
459 2076 704 2126 execretur1
723 2114 734 2134 ,
755 2087 796 2122 et
822 2075 1239 2121 Maximianistarum
1254 2113 1267 2133 ‚
1303 2092 1412 2139 quos
1435 2093 1507 2122 ore
1534 2075 1716 2140 proprio

343 2153 681 2203 damnaverunt,
708 2147 954 2210 baptismus
977 2146 1230 2209 recipiatur.

408 2224 535 2269 XIII.
577 2218 668 2283 Ipsi
690 2235 791 2264 vero
812 2217 964 2262 fratres
981 2216 1116 2262 nostri
1141 2226 1475 2263 memoratarum
1498 2217 1718 2263 Ecclesia-

344 2311 444 2341 rum
472 2292 574 2347 filii,
612 2288 719 2352 quid
752 2298 849 2334 ante
874 2296 940 2332 tot
970 2303 1104 2332 annos
1128 2286 1174 2331 in
1200 2285 1344 2331 Africa
1374 2298 1537 2346 gestum
1567 2287 1648 2342 sit,
1676 2297 1719 2333 et

342 2376 449 2411 tunc
466 2362 742 2414 nescierunt,
768 2369 809 2404 et
828 2356 961 2403 modo
985 2357 1182 2403 nesciunt
1202 2374 1212 2400 :
1240 2356 1357 2403 unde
1382 2357 1480 2403 illos
1508 2357 1715 2414 crimina,

341 2451 442 2500 quae
469 2433 524 2479 ab
554 2447 703 2477 eorum
740 2440 863 2493 parte
897 2428 1011 2474 Afris
1046 2428 1217 2487 objecta
1247 2438 1378 2485 sunt,
1414 2428 1582 2475 etiamsi
1619 2444 1722 2475 vera

338 2515 477 2554 essent
496 2504 742 2564 ignorantes
758 2538 771 2558 ,
809 2499 1104 2548 contaminare
1124 2516 1213 2547 non
1243 2510 1431 2563 possent.
1477 2499 1555 2547 Isti
1578 2508 1723 2547 autem

386 2589 398 2612 ¹
420 2590 577 2630 Execror,
597 2584 716 2629 passive
731 2588 929 2627 usurpatum.
