1894 3154
241 262 298 317 44
645 282 678 311 ε.
723 278 963 310 AUGUSTINJ
1000 278 1201 308 Episcom

239 342 339 387 inde
357 341 610 390 informatio
636 363 737 391 cum
759 345 814 391 ad
834 340 928 390 eam
950 343 1218 389 convertitur
1238 342 1348 388 acies
1373 341 1616 401 cogitantis,

241 423 281 457 et
305 423 538 477 utrumque
559 420 824 475 conjungens
848 414 1028 460 intentio
1049 412 1292 459 voluntatis.
1324 412 1406 457 Sed
1429 411 1525 457 ideo
1541 411 1620 456 ista

243 484 410 529 trinitas
431 485 483 529 ad
500 487 747 531 exteriorem
767 487 987 531 hominem
1010 494 1179 547 reperta
1194 495 1255 528 θεῖ
1270 483 1502 546 pertinere,
1521 482 1621 544 quia

241 553 295 598 de
326 557 585 617 corporibus
611 557 730 602 illata
765 567 826 601 est
855 572 955 618 quae
991 555 1235 599 sentiuntur
1260 554 1531 598 extrinsecus.
1572 552 1624 596 In

243 623 503 670 duodecimo
528 626 808 672 discernenda
830 627 919 671 visa
943 636 1004 670 est
1031 625 1240 688 sapientia
1267 625 1321 669 ab
1352 623 1552 675 scicntia;
1584 632 1625 666 et

243 692 289 737 in
305 710 352 738 ea
378 711 477 756 quae
502 696 680 759 proprie
705 696 883 741 scientia
903 705 1201 757 nuncupatur,
1220 696 1324 757 quia
1342 692 1518 738 inferior
1537 702 1598 736 est
1611 728 1622 746 ,

245 762 366 824 prius
389 764 594 825 quaedam
621 766 686 810 sui
709 767 873 824 generis
890 765 1060 809 trinitas
1082 763 1339 826 inquirenda
1360 781 1370 807 :
1398 779 1499 825 quae
1526 761 1628 807 licet

247 832 303 876 ad
337 833 583 880 interiorem
614 835 835 880 hominem
864 839 953 894 jam
977 834 1219 897 pertineat,
1257 832 1455 878 nondum
1483 843 1627 877 tamen

243 901 386 961 imago
408 904 487 949 Dei
511 904 578 950 vel
604 904 863 968 appellanda
890 905 943 949 sit
963 903 1030 949 vel
1050 903 1260 966 putanda,
1291 904 1347 947 Et
1372 902 1459 947 hoc
1484 901 1627 960 agitur

246 971 292 1016 in
318 973 632 1020 tertio-decimo
662 975 774 1020 libro
798 992 875 1038 per
899 973 1320 1020 commendationem
1346 971 1449 1017 fidei
1473 970 1628 1016 Chris-

246 1041 389 1089 tianae.
412 1045 464 1088 In
476 1044 824 1106 quarto-decimo
844 1055 988 1090 autem
1006 1043 1059 1088 de
1076 1043 1285 1106 sapientia
1304 1041 1496 1087 hominis
1507 1057 1625 1096 vera,

247 1110 293 1156 id
307 1122 367 1157 est
383 1114 463 1158 Dei
484 1131 658 1159 munere
676 1115 721 1159 in
738 1118 829 1173 ejus
845 1115 982 1178 ipsius
995 1114 1074 1158 Dei
1094 1112 1428 1176 participatione
1449 1111 1625 1163 donata,

248 1199 349 1244 quae
377 1184 432 1228 ab
455 1185 632 1230 scientia
653 1185 860 1231 distincta
882 1196 943 1230 est
963 1222 972 1241 ‚
1001 1184 1275 1247 disputatur:
1305 1194 1346 1227 ct
1361 1200 1410 1227 eo
1433 1181 1631 1245 pervenit

252 1251 489 1315 disputatio
507 1292 518 1311 ,
547 1266 596 1300 ut
620 1256 787 1301 trinitas
811 1265 1017 1319 appareat
1033 1254 1078 1299 in
1097 1254 1284 1313 imagine
1304 1253 1385 1298 Dei
1403 1288 1414 1305 ,
1434 1251 1553 1314 qnod
1570 1262 1632 1296 est

248 1321 383 1370 homo
420 1325 660 1371 secundum
694 1337 908 1381 mentem,
940 1341 1038 1388 quae
1075 1334 1309 1370 renovatur
1339 1324 1383 1368 in
1413 1321 1631 1381 agnitione

251 1392 330 1437 Dei
362 1395 600 1441 secundum
629 1397 861 1455 imaginem
896 1400 985 1455 ejus
1017 1395 1095 1458 qui
1129 1394 1289 1439 creavit
1322 1393 1546 1438 hominem
1576 1391 1630 1436 ad

244 1461 477 1522 imaginem
505 1464 673 1521 suam1,
696 1476 739 1510 et
755 1466 814 1511 sic
837 1465 1026 1528 percipit
1046 1464 1301 1526 sapientiam
1328 1462 1406 1508 ubi
1429 1472 1631 1508 contem-

247 1532 386 1595 platio
408 1546 469 1580 est
487 1547 764 1583 aeternorum.

313 1603 387 1650 VI.
414 1609 436 1649 J
442 1623 508 1650 am
533 1624 633 1666 ergo
656 1607 702 1652 in
719 1607 824 1669 ipsis
846 1605 974 1650 rebus
996 1605 1166 1650 aeternis
1181 1642 1192 1660 ,
1216 1602 1569 1666 incorporalibus
1589 1613 1631 1647 et

250 1672 712 1733 incommutabilibus,
753 1677 797 1721 in
831 1692 1019 1739 quarum
1047 1674 1241 1738 perfecta
1267 1672 1632 1736 contemplatione

252 1744 378 1789 nobis
400 1745 527 1791 beata
548 1783 558 1801 ,
592 1764 693 1810 quae
717 1746 891 1792 nonnisi
918 1757 1077 1791 aeterna
1107 1756 1191 1800 est,
1217 1745 1305 1791 vita
1338 1743 1628 1807 promittitur,

253 1813 508 1860 Trinitatem
527 1833 627 1878 quae
646 1819 762 1862 Deus
778 1826 838 1861 est
852 1816 1137 1878 inquiramus.
1166 1816 1315 1877 Neque
1331 1815 1445 1859 enim
1464 1813 1633 1859 divino-

253 1898 349 1927 rum
363 1883 599 1930 Librorum
613 1885 917 1931 tantummodo
940 1886 1171 1931 auctoritas
1197 1901 1282 1930 esse
1306 1884 1447 1929 Deum
1465 1883 1632 1946 praedi-

253 1962 346 2007 cat,
373 1953 445 1998 sed
467 1955 605 2000 omnis
625 1972 724 2018 quae
746 1973 823 2001 nos
841 1956 1115 2010 circumstat,
1155 1954 1206 2000 ad
1236 1971 1367 2018 quam
1401 1970 1475 1998 nos
1503 1954 1632 1999 etiam

254 2022 543 2083 pertinemus,
566 2025 765 2071 universa
789 2027 883 2087 ipsa
902 2041 1046 2069 rerum
1068 2035 1224 2070 natura
1249 2023 1520 2086 proclamat,
1546 2022 1633 2068 ha-

255 2092 356 2137 bere
375 2109 417 2137 se
439 2096 846 2156 praestantissimum
872 2094 1152 2140 Conditorem
1173 2131 1183 2149 ,
1209 2094 1286 2156 qui
1304 2093 1431 2139 nobis
1448 2102 1634 2137 mentem

253 2163 550 2226 rationemque
572 2165 813 2210 naturalem
843 2164 986 2221 dedit,
1015 2181 1103 2228 qua
1123 2165 1312 2210 viventia
1335 2180 1423 2209 non
1444 2163 1634 2210 viventi-

255 2232 363 2286 bus,
400 2249 524 2278 sensu
551 2235 740 2296 praedita
769 2251 857 2279 non
891 2234 1199 2290 sentientibus,
1235 2233 1518 2293 intelligentia
1546 2249 1635 2278 non

257 2301 596 2361 intelligentibus
611 2341 621 2359 ,
640 2303 901 2349 immortalia
920 2303 1176 2349 mortalibus
1190 2341 1201 2360 ,
1222 2303 1535 2366 impotentibus
1555 2319 1634 2365 po-

259 2372 393 2416 tentia
408 2408 419 2427 ‚
441 2373 610 2431 injustis
627 2378 767 2433 justa,
798 2375 990 2437 speciosa
1020 2373 1289 2420 deformibus
1308 2411 1318 2425 ,
1343 2374 1458 2419 bona
1484 2372 1631 2427 malis,

253 2442 608 2505 incorruptibilia
643 2444 1034 2507 corruptibilibus,
1076 2443 1369 2490 immutabilia
1404 2442 1635 2488 mutabili-

255 2512 363 2568 bus,
390 2512 628 2558 invisibilia
663 2512 908 2559 visibilibus
927 2551 937 2569 ‚
978 2513 1269 2576 incorporalia
1298 2511 1599 2575 corporalibus
1620 2547 1630 2565 ,

305 2593 314 2613 ¹
333 2595 449 2626 Coloss.
465 2605 516 2632 111,
538 2605 588 2630 ιο,
606 2600 636 2626 et
657 2597 737 2627 Gen.
758 2607 782 2633 ι,
801 2606 816 2625 2
829 2607 917 2634 ¹·27·
