1894 3154
283 237 374 284 256
680 254 716 287 s,
760 251 997 282 aucusrixt
1038 252 1252 281 Episcom.

280 328 486 382 prorsunt
525 316 720 380 quandiu
751 316 1012 362 schismatici
1045 315 1112 361 ιρΙ
1136 315 1163 360 h
1170 325 1329 360 cretici
1368 324 1483 368 sunt,
1509 329 1650 376 piop-

284 399 346 433 ter
373 387 481 433 alia
472 405 512 432 ιιι
536 388 696 450 quibus
714 405 735 432 a
751 387 871 431 xeritz
873 397 926 431 ite
945 385 1218 438 dissentiunt
1246 397 1287 431 ct
1305 395 1486 449 proptei
1508 385 1650 447 ipsum

281 458 559 535 separationis
581 457 938 502 immanissimum
966 456 1119 510 scelus,
1144 456 1230 501 sive
1264 455 1578 519 ])οιιιιι·ιιι5οιἰιιῑ
1605 454 1650 499 ιιι

277 529 336 575 eis
358 538 552 591 peccata,
576 526 881 572 sivecontinuo
906 525 1080 570 dimissa
1096 525 1315 581 redierint,
1343 536 1388 571 ut
1412 524 1466 570 ad
1487 524 1650 569 sanita-

281 610 363 644 tem
387 600 531 662 pacis
521 608 649 659 atque
669 595 1080 642 charitatisveniant
1113 563 1434 641 adhortamur.
1462 612 1549 639 non
1576 610 1649 639 so-

278 671 369 716 lum
396 680 443 714 ut
471 667 634 731 aliquid
658 668 850 713 habeant.
888 665 1003 730 quod
1031 683 1119 711 non
1142 666 1394 722 habebant,
1420 664 1494 711 sed
1519 675 1566 710 ut
1591 664 1649 710 eis

278 741 404 787 etiam
430 739 538 785 illud
557 737 759 801 prodesse
782 737 964 801 incipiat
983 736 1103 800 quod
1129 736 1365 783 habebant.

342 810 487 855 XXII.
515 809 686 853 Frustra
702 824 800 867 ergo
821 807 945 852 nobis
959 806 1144 851 dicunt:
1169 827 1188 847 α
1206 806 1251 851 Si
1270 806 1535 869 baptismum
1552 822 1648 851 nos-

278 890 395 926 trum
428 878 686 942 acceptatis,
720 877 829 941 quid
850 877 988 922 minus
1010 876 1240 932 habemus,
1266 887 1313 922 ut
1338 876 1463 921 nobis
1487 875 1540 921 de
1558 893 1648 921 ves-

277 961 341 997 tra
381 948 688 996 communione
727 946 1040 992 consulendum
1088 946 1283 1009 putetis
1274 950 1292 977 ‘³
1328 968 1348 988 »
1392 947 1430 991 R
1433 945 1648 1009 esponde-

276 1038 372 1067 mus
388 1020 527 1074 enim,
555 1020 653 1064 Non
676 1018 942 1081 baptismum
986 1028 1173 1063 testium
1211 1027 1514 1080 acceptamus:
1543 1016 1648 1079 quia

274 1108 362 1137 non
387 1101 448 1136 est
468 1090 714 1152 baptismus
737 1088 808 1133 ille
830 1087 1207 1133 schismaticorum
1231 1087 1296 1132 vel
1316 1087 1644 1143 haereticorum,

275 1161 348 1207 sed
379 1159 457 1205 Dei
477 1170 517 1205 et
544 1158 750 1214 Ecelesae,
787 1158 1054 1221 ubicumque
1084 1156 1214 1202 fuerit
1245 1157 1444 1203 imentus
1469 1166 1511 1202 et
1531 1173 1647 1219 quo-

275 1247 464 1294 cumque
485 1228 728 1275 tr.anslatus
771 1228 806 1273 Χ
811 1238 968 1273 ostrum
996 1238 1135 1273 autem
1176 1245 1264 1272 non
1301 1237 1378 1283 est,
1406 1226 1487 1272 nisi
1526 1226 1646 1290 quod

274 1317 406 1364 praxe
439 1298 629 1352 sentitis,
655 1308 694 1342 et
736 1298 936 1357 saclilege
959 1298 1108 1357 agitis,
1143 1297 1339 1360 etimpi‹
1364 1296 1638 1360 scpzm‘imini.

275 1370 325 1416 N
318 1389 383 1416 ιιιιι
403 1371 436 1415 si
453 1380 608 1415 caetera
626 1367 770 1413 omnia
793 1385 864 1413 ιρι
869 1387 888 1413 ιι
909 1369 972 1412 xcl
1000 1386 1040 1413 st
1045 1379 1118 1412 nti
1112 1368 1189 1413 nis
1208 1367 1272 1413 xel
1292 1366 1505 1420 habeatis,
1533 1377 1574 1412 et
1598 1367 1645 1412 in

272 1441 418 1487 eadem
443 1451 584 1485 tamen
611 1438 877 1501 separatione
904 1437 1066 1483 duretis
1092 1437 1293 1483 adversus
1312 1436 1645 1483 x-iueulumsra-

275 1520 405 1557 ternae.
427 1510 563 1574 pacis,
581 1509 783 1554 adversus
802 1509 1006 1554 unitatem
1025 1508 1218 1553 omnium
1234 1507 1436 1563 fratrum,
1457 1507 1533 1570 qui
1556 1517 1644 1552 toto

272 1582 377 1626 orbe
398 1591 625 1635 terrarum,
654 1579 766 1624 sicut
785 1578 985 1642 promissi
1001 1589 1119 1633 sunt,
1146 1578 1204 1623 ita
1222 1578 1428 1631 exhibiti3
1455 1594 1643 1640 quorum

272 1651 467 1697 omnium
507 1666 655 1695 causas
683 1659 723 1694 et
745 1649 876 1694 corda
901 1648 1021 1693 nullo
1046 1647 1176 1693 niodo
1209 1664 1399 1710 unquam
1426 1664 1546 1692 nosse
1570 1657 1644 1692 aut

270 1721 482 1766 discutere
499 1719 717 1783 potuistis,
747 1730 792 1764 ut
817 1719 968 1764 merito
994 1718 1280 1770 damnaretis3
1327 1717 1399 1781 qui
1432 1734 1517 1762 non
1540 1735 1643 1780 pos-

268 1802 369 1836 sunt
402 1801 631 1854 propterea
651 1789 710 1835 roi
729 1806 837 1845 esse,
872 1790 973 1852 quia
998 1788 1224 1848 judicibus
1243 1787 1536 1834 ecclesiasticis
1555 1804 1642 1850 po-

272 1861 355 1906 tius
375 1877 505 1923 quam
550 1859 842 1918 litigatoribus
877 1858 1188 1903 crediderunt:
1218 1858 1303 1903 hoc
1335 1857 1472 1902 solum
1501 1857 1643 1903 minus

268 1929 456 1984 habetis,
478 1929 596 1993 quod
630 1929 771 1974 minus
794 1928 930 1973 habet
967 1929 1042 1991 qui
1075 1928 1333 1973 charitatem
1372 1927 1633 1974 nonhabet.

266 2002 361 2045 1ῚιἸιιι
386 1999 490 2063 qnid
515 2016 625 2062 opus
653 2010 715 2043 est
744 2009 790 2043 ut
815 2015 890 2043 nos
915 2002 1180 2044 retexamus?
1206 1998 1290 2042 Vos
1316 1997 1397 2060 ipsi
1422 1997 1464 2042 in
1496 1998 1640 2060 Apos-

267 2070 353 2115 tolo
377 2069 600 2132 inspicite,
647 2079 857 2131 quantum
892 2068 945 2113 sit
971 2067 1089 2131 quod
1120 2067 1265 2113 minus
1294 2066 1479 2112 habetis.
1520 2066 1639 2122 Quid

266 2150 406 2185 autem
433 2140 607 2185 interest
637 2139 712 2201 qui
735 2138 992 2183 charitatem
1036 2155 1122 2183 non
1159 2138 1316 2192 habet,
1355 2146 1501 2181 utrum
1526 2136 1639 2182 foras

266 2209 405 2255 avolet
423 2210 567 2273 aliquo
584 2220 710 2254 vento
733 2208 980 2253 tentationis
1009 2207 1193 2263 ablatus,
1223 2225 1275 2252 an
1298 2208 1414 2252 intus
1431 2206 1483 2252 de
1508 2223 1638 2252 messe

266 2280 492 2325 Dominica
521 2296 607 2325 non
623 2278 794 2324 recedat
817 2279 861 2323 in
883 2277 1032 2323 ultima
1046 2278 1325 2323 ventilatione
1340 2275 1635 2340 separandus?

265 2351 318 2396 Et
339 2360 480 2394 tamen
501 2350 629 2394 etiam
652 2348 769 2404 tales,
807 2348 839 2393 si
877 2352 967 2407 jam
990 2347 1118 2393 semel
1141 2365 1219 2410 per
1247 2347 1515 2409 baptismum
1548 2346 1657 2392 natis

263 2430 377 2474 sunt,
400 2420 555 2464 iterum
571 2435 640 2463 eos
660 2418 778 2463 nasci
798 2434 884 2462 non
906 2428 1090 2480 oportet.

325 2490 493 2536 xxm.
520 2488 710 2534 Ecclesia
729 2489 894 2552 quippe
927 2505 1073 2533 omnes
1094 2505 1172 2551 per
1203 2486 1470 2550 baptismum
1499 2486 1631 2549 parit,

259 2561 347 2609 sive
365 2558 483 2624 apud
506 2574 565 2615 se,
592 2557 636 2603 id
655 2569 732 2616 est,
752 2575 798 2604 ex
820 2567 940 2603 utero
964 2573 1039 2603 suo
1058 2577 1070 2612 ;
1104 2557 1191 2604 sive
1208 2567 1323 2603 'extra
1341 2574 1382 2602 se
1405 2556 1457 2602 de
1475 2555 1634 2602 semine
