1894 3154
611 291 666 320 DE
701 291 956 331 TRIMTATE,
995 294 1080 324 Lm.
1126 297 1213 325 x1v.
1545 290 1597 335 15

225 358 430 403 scientem
454 354 573 419 quod
592 365 630 399 te
648 355 810 400 nescire
830 366 1072 417 putaveras,
1105 359 1157 404 Id
1183 373 1319 420 agunt
1349 375 1391 409 et
1413 366 1569 414 litterae
1584 406 1595 425 ,

223 443 324 490 quae
346 425 398 471 de
417 425 487 470 his
507 425 637 471 rebus
657 425 917 488 conscriptae
941 439 1041 473 sunt
1059 466 1068 485 ,
1096 447 1202 492 quas
1220 449 1286 478 res
1303 433 1414 480 duce
1436 437 1600 484 ratione

224 513 344 543 veras
369 512 454 541 esse
486 494 652 540 invenit
677 494 813 540 lector
838 513 848 539 ε
879 513 966 542 non
1002 515 1110 561 quas
1144 517 1262 546 veras
1290 520 1376 549 esse
1400 507 1536 552 credit
1565 508 1603 553 ei

223 566 301 629 qui
329 566 527 629 scripsit,
571 565 682 610 sicut
712 564 870 624 legitur
895 567 1105 623 historia3
1138 570 1209 616 sed
1235 588 1341 634 quas
1364 591 1484 621 veras
1518 594 1602 623 esse

223 636 352 681 etiam
374 636 465 698 ipse
482 635 649 681 invenit
667 672 678 691 ,
702 635 789 680 sive
807 636 924 698 apud
948 654 990 683 se
1010 675 1020 693 ,
1041 640 1127 685 sive
1149 640 1194 685 in
1210 641 1305 704 ipsa
1334 646 1486 691 mentis
1504 645 1601 693 luce

222 705 414 752 veritate.
459 705 548 761 Qui
580 721 680 750 vero
718 722 796 750 nec
831 706 1078 754 admonitus
1120 710 1233 756 valet
1266 712 1344 758 ista
1376 717 1597 773 contueri,

222 793 379 835 magna
404 775 601 821 caecitate
625 774 766 820 cordis
782 811 792 831 ,
817 777 1003 823 tenebris
1024 779 1279 838 ignorantiae
1297 782 1514 831 demersus
1542 798 1603 844 est

224 845 371 902 altius,
396 856 437 891 ct
455 845 723 891 mirabiliore
739 845 886 892 divina
912 865 995 911 ope
1015 849 1181 909 indiget
1198 888 1208 907 ,
1240 862 1287 897 ut
1303 854 1438 915 possit
1457 855 1509 900 ad
1533 874 1603 903 ve-

221 933 313 961 ram
338 915 593 979 sapientiam
617 916 854 978 pervenire.

279 988 334 1032 X.
371 988 559 1049 Propter
588 986 674 1031 hoc
698 986 844 1048 itaque
865 987 983 1033 volui
1014 988 1067 1034 de
1097 991 1357 1050 cogitatione
1385 993 1594 1042 adhibere

221 1057 540 1121 qualecumque
558 1056 890 1113 documentum,
914 1075 1002 1121 quo
1021 1071 1164 1122 posset
1181 1062 1352 1108 ostendi
1379 1067 1599 1128 quomodo

222 1145 267 1173 ex
287 1127 338 1173 iis
361 1144 460 1190 quae
482 1126 689 1171 memoria
708 1127 989 1173 continentur
1003 1166 1013 1184 ,
1042 1131 1310 1177 recordantis
1331 1134 1441 1179 acies
1459 1135 1600 1181 infor-

221 1208 379 1253 metur,
400 1209 442 1242 et
462 1197 546 1242 tale
561 1196 726 1260 aliquid
747 1198 947 1257 gignatur
964 1200 1041 1244 ubi
1056 1200 1190 1247 homo
1204 1203 1381 1262 cogitat,
1410 1205 1596 1269 qualein

221 1267 296 1314 illo
314 1278 404 1313 erat
427 1267 505 1312 ubi
529 1278 626 1312 ante
654 1268 957 1327 cogitationem
986 1272 1266 1317 meminerat:
1296 1274 1398 1336 quia
1426 1275 1597 1322 facilius

219 1337 508 1398 dignoscitur,
537 1337 655 1400 quod
676 1347 867 1400 tempore
892 1340 1075 1396 accedit,
1097 1351 1139 1386 et
1156 1342 1233 1387 ubi
1246 1360 1403 1406 parens
1427 1346 1594 1408 prolem

223 1407 362 1471 spatio
382 1408 587 1470 temporis
606 1408 834 1455 antecedit.
864 1411 898 1455 N
907 1428 973 1455 am
999 1412 1031 1456 si
1055 1428 1132 1457 nos
1152 1412 1385 1461 referamus
1413 1415 1596 1462 adinte-

221 1478 379 1523 riorem
396 1477 549 1523 mentis
567 1478 818 1523 memoriam
844 1496 930 1542 qua
950 1481 1014 1525 sui
1043 1482 1264 1539 meminit,
1291 1494 1332 1529 et
1349 1485 1596 1533 interiorem

221 1547 548 1607 intelligentiam
568 1564 652 1610 qua
673 1565 714 1593 se
746 1548 962 1609 intelligit,
994 1561 1035 1595 et
1061 1551 1307 1598 interiorem
1329 1555 1596 1603 voluntatem

223 1634 309 1680 qua
333 1634 374 1662 se
392 1616 555 1676 diligit,
586 1618 664 1662 ubi
683 1617 782 1663 haec
800 1619 883 1663 tria
901 1619 1031 1672 simul
1052 1638 1222 1684 semper
1242 1636 1358 1682 sunt,
1388 1636 1430 1671 et
1448 1643 1595 1690 sempe

223 1685 351 1732 simul
372 1686 550 1733 fuerunt
570 1703 616 1731 ex
643 1703 730 1749 quo
762 1703 848 1732 esse
872 1701 1127 1751 coeperunt,
1163 1692 1250 1738 sive
1283 1695 1593 1754 cogitarentur,

222 1757 309 1804 sive
327 1774 414 1802 non
439 1757 757 1816 cogitarentur3
780 1757 1001 1804 videbitur
1019 1760 1195 1822 quidem
1219 1763 1363 1824 imago
1387 1765 1501 1812 illius
1526 1767 1599 1812 tri-

223 1827 371 1872 nitatis
392 1837 433 1871 et
450 1826 504 1871 ad
528 1826 662 1872 solam
682 1828 933 1873 memoriam
946 1830 1161 1892 pertinere
1184 1849 1195 1876 t
1214 1832 1285 1878 sed
1305 1835 1408 1898 quia
1427 1836 1489 1881 ibi
1505 1854 1598 1883 ver-

222 1897 330 1942 bum
352 1913 438 1941 esse
461 1896 550 1941 sine
583 1896 841 1955 cogitatione
864 1915 951 1943 non
986 1911 1154 1962 potest3
1188 1902 1204 1956 (
1220 1903 1459 1963 cogitamus
1482 1907 1597 1952 enim

223 1984 350 2015 omne
374 1966 493 2029 quod
519 1966 729 2022 dicimus,‚
764 1968 892 2013 etiam
924 1969 997 2015 illo
1021 1971 1221 2017 interiore
1247 1974 1381 2023 verbo
1402 1977 1523 2039 quod
1543 1977 1599 2023 ad

223 2037 386 2084 nullius
420 2037 556 2097 gentis
592 2038 779 2100 pertinet
815 2038 1062 2103 linguam);
1091 2042 1134 2086 in
1161 2043 1300 2089 tribus
1343 2047 1490 2108 potius
1516 2047 1601 2093 illis

224 2108 366 2167 imago
395 2107 475 2152 ista
501 2107 777 2166 cognoscitur
796 2145 808 2163 ,
830 2110 1037 2155 memoria
1071 2111 1258 2169 scilicet,
1295 2114 1596 2176 intelligentia,

223 2177 460 2225 voluntate.
501 2177 627 2222 Hanc
660 2188 801 2223 autem
832 2196 949 2224 nunc.
984 2179 1084 2228 dico
1118 2181 1475 2242 intelligentiam,
1512 2203 1599 2250 qua

224 2247 504 2306 intelligimus
532 2248 790 2307 cogitantes,
831 2248 878 2294 id
904 2260 982 2305 est,
1009 2250 1186 2313 quando
1223 2252 1280 2298 eis
1297 2255 1476 2317 repertis
1501 2273 1602 2319 quae

225 2317 444 2369 memoriae
474 2327 635 2380 praesto
657 2317 848 2374 fuerant,
875 2319 947 2364 sed
966 2336 1053 2364 non
1074 2321 1404 2380 cogitabantur,
1432 2327 1600 2386 cogita-

225 2387 286 2432 tio
312 2397 455 2432 nostra
476 2387 716 2441 formatum
740 2398 780 2433 et
793 2406 885 2434 eam
899 2388 1184 2447 voluntatem,
1205 2392 1291 2439 sive
1311 2411 1518 2452 amorem,
1535 2396 1605 2442 vel

227 2457 521 2513 dilectionem,
548 2474 648 2520 quae
669 2458 792 2504 istam
822 2459 989 2521 prolem
1008 2472 1320 2526 parentemque
1352 2467 1597 2526 conjungit,

227 2538 269 2574 et
286 2527 476 2591 quodam
493 2528 623 2573 modo
642 2529 834 2592 utrisque
851 2531 1094 2575 communis
1107 2541 1180 2578 est.
1210 2532 1325 2579 Hinc
1336 2534 1499 2580 factum
1521 2547 1599 2592 est,

228 2609 278 2644 ut
303 2598 433 2647 etiam
456 2615 534 2661 per
562 2599 770 2645 exteriora
802 2600 1018 2646 sensibilia
1042 2617 1142 2664 quae
1179 2619 1259 2666 per
1283 2604 1430 2651 oculos
1467 2610 1606 2652 carnis
