1894 3154
320 206 405 252 152
736 220 769 249 5.
815 219 1057 256 Aucusrml
1094 220 1298 250 Belscom

317 285 372 331 ad
403 285 694 330 defensionem
728 302 847 330 suam
874 296 961 330 tam
1000 302 1195 348 perverse
1229 285 1354 347 istam
1393 285 1694 348 Scripturam,

321 373 452 420 quain
471 373 668 420 perverse
690 356 745 400 al)
769 355 861 401 istis
880 355 1160 415 intelligitur3
1190 366 1230 400 et
1252 355 1399 401 dicens
1418 356 1464 401 in
1483 373 1531 400 eo
1555 373 1595 401 se
1612 356 1700 400 ho-

319 445 427 473 num
444 444 630 472 essenon
645 444 768 488 posse
792 444 801 470 z
827 447 845 465 «
868 425 983 482 Quia
1004 427 1244 471 secundum
1258 427 1502 490 principem
1524 426 1699 490 populi,

322 499 382 544 sic
416 508 456 542 et
487 497 673 542 ministri
701 500 817 555 ejus3
858 506 899 540 et
928 496 1068 558 qualis
1098 507 1241 541 rector
1265 506 1327 541 cst
1357 497 1571 552 civitatis,
1601 496 1703 542 tales

321 568 634 613 inhabitantes.
659 588 676 607 »-
702 565 1033 611 Contradicitur
1057 566 1172 611 enim
1201 566 1307 611 huic
1339 567 1475 612 errori
1504 567 1705 612 Veritatis

324 654 396 683 ore
425 637 608 682 dicentis
631 654 642 678 ε
683 658 701 676 α
724 637 835 692 Quae
870 636 1024 681 dicunt
1048 635 1177 681 facite
1195 673 1206 692 ,
1239 652 1338 698 quae
1370 647 1512 682 autem
1540 636 1708 683 faciunt

326 730 346 749 n
365 707 498 753 nolite
523 707 684 760 facere;
707 707 862 752 dicunt
883 707 997 751 enim
1014 744 1025 763 ,
1051 717 1092 752 et
1107 724 1195 751 non
1214 706 1421 753 faciunt‘l.
1449 730 1467 749 »
1489 708 1710 752 Habentes

326 780 471 842 itaque
490 778 639 841 plebes
661 777 766 823 tales
789 779 1015 841 episcopos
1033 816 1043 834 ,
1070 779 1148 841 qui
1169 779 1285 823 bona
1311 778 1467 824 dicunt
1492 796 1539 823 ex
1562 778 1710 823 cathe-

328 849 405 894 dra
430 849 592 910 Moysi,
621 859 662 893 et
688 865 736 893 ea
761 866 860 911 quae
897 848 1053 895 dicunt
1074 866 1164 893 non
1194 848 1360 894 faciunt
1394 866 1439 894 ex
1466 848 1711 912 pestilentia

330 937 403 964 sua
419 956 428 974 ,
457 919 491 964 si
509 918 573 964 illi
590 918 754 964 faciant
778 937 824 964 ea
845 920 959 965 bona
981 936 1080 982 quae
1101 919 1256 980 dicunt
1271 957 1282 976 ,
1307 930 1348 964 et
1372 936 1461 964 non
1484 918 1647 964 faciant
1664 935 1713 963 ea

330 989 443 1034 mala
467 1006 567 1052 quae
588 989 783 1045 faciunt,
809 990 920 1035 sicut
945 990 1152 1052 praecipit
1176 990 1414 1045 Dominus,
1443 1006 1588 1034 nonne
1615 989 1713 1033 satis

329 1059 528 1104 indicant
548 1076 634 1103 non
667 1060 727 1103 ita
746 1059 1079 1118 intelligendum
1111 1077 1196 1105 esse
1223 1060 1471 1122 principem
1494 1059 1650 1122 populi
1673 1069 1715 1103 et

330 1141 543 1174 rectorem
567 1129 752 1173 civitatis
770 1129 994 1191 quomodo
1014 1129 1084 1173 isti
1103 1129 1381 1188 intelligunt?
1396 1131 1584 1174 Possunt
1600 1129 1715 1174 enim

333 1218 418 1244 esse
437 1199 594 1262 populi
620 1200 726 1244 honi
760 1201 837 1244 nbi
872 1200 1035 1245 fuerint
1068 1200 1262 1262 episcopi
1286 1199 1412 1255 mali,
1441 1199 1552 1244 sicut
1571 1199 1718 1262 potuit

333 1288 419 1315 csse
442 1269 634 1332 populus
673 1270 811 1315 nialus
846 1271 923 1315 ubi
959 1271 1042 1316 fuit
1079 1272 1246 1333 'Moyses
1277 1271 1482 1333 princeps
1505 1280 1547 1315 et
1577 1280 1718 1315 rector

335 1341 493 1386 honus.
528 1361 546 1380 «
573 1341 776 1384 Errantes
810 1341 922 1385 enim
949 1341 993 1385 in
1013 1340 1156 1386 verbis
1183 1351 1433 1386 sanctarum
1465 1340 1720 1403 Scriptura-

336 1432 357 1453 »
378 1428 502 1466 rum,
523 1420 572 1465 ,et
592 1410 703 1455 sicut
727 1410 835 1456 dicit
857 1412 1093 1473 Apostolus
1111 1448 1122 1465 ,
1152 1428 1240 1456 non
1271 1411 1555 1470 intelligentes
1580 1427 1719 1473 neque

338 1503 357 1523 γ,
376 1498 476 1545 qua}
497 1480 762 1543 loquuntur,
783 1498 922 1544 neque
942 1481 994 1526 de
1019 1482 1181 1543 quibus
1202 1480 1441 1526 affirmant2
1457 1518 1467 1536 ,
1492 1501 1512 1522 »
1535 1481 1617 1543 ipsi
1636 1498 1721 1543 po-

339 1552 424 1596 tius
447 1550 687 1595 secundum
723 1551 1049 1614 perversitatem
1084 1550 1327 1595 intellectus
1357 1551 1615 1610 suimagnas
1637 1567 1721 1612 pa-

342 1623 512 1667 tiuntur
547 1622 763 1680 angustias
780 1659 789 1675 ,
843 1638 944 1666 Cum
983 1622 1042 1666 eis
1087 1621 1248 1666 dicitur
1266 1658 1277 1676 ,
1326 1638 1424 1680 ergo
1461 1621 1600 1684 qualis
1640 1620 1723 1665 fuit

344 1693 559 1755 Optatus,
588 1692 681 1737 talis
715 1693 797 1737 fuit
821 1703 862 1737 et
893 1692 1018 1755 plebs
1038 1691 1412 1751 Thamugadensis
1436 1708 1446 1735 :
1479 1702 1520 1736 et
1542 1691 1576 1735 si
1600 1707 1724 1735 com-

342 1765 549 1809 munione
563 1775 932 1808 sacramentorum
951 1801 961 1819 ,
987 1763 1099 1808 sicut
1116 1762 1262 1808 dicitis
1281 1800 1291 1818 ,
1314 1763 1669 1807 contaminantur
1684 1771 1725 1806 et

344 1833 410 1879 illi
443 1833 519 1895 qui
559 1832 672 1877 facta
706 1834 819 1878 mala
851 1833 1107 1895 improbant
1125 1870 1135 1888 ,
1165 1843 1207 1877 et
1231 1832 1295 1877 illi
1321 1833 1399 1895 qui
1420 1833 1550 1877 etiam
1574 1849 1621 1877 ea
1644 1848 1725 1895 pro

344 1920 454 1966 pace
484 1901 667 1946 tolerant
686 1903 886 1959 unitatis:
909 1902 1013 1948 tales
1036 1904 1134 1948 estis
1154 1913 1195 1946 et
1214 1919 1288 1947 vos
1310 1919 1482 1957 omnes,
1506 1901 1584 1965 qui
1602 1911 1643 1945 et
1661 1900 1726 1945 illi

349 1973 525 2032 collegae.
540 1983 581 2016 et
596 1971 658 2017 illi
675 1972 795 2035 plebi
815 1973 1187 2028 communicastis,
1210 1990 1311 2018 cum
1331 1972 1454 2018 illuni
1471 1982 1561 2017 tota
1580 1971 1727 2017 Africa

348 2043 549 2089 Gildonis
585 2043 812 2089 satellitem
849 2044 1074 2090 manifesto
1108 2044 1269 2105 gemitu
1300 2043 1550 2089 declararet.
1586 2043 1728 2099 Quem

353 2123 584 2177 propterea
620 2130 736 2175 saepe
772 2114 974 2170 nomino,
1015 2115 1116 2177 quia
1145 2115 1205 2160 ita
1231 2114 1482 2159 manifestus
1501 2113 1728 2176 apparuit,

353 2195 402 2228 ut
427 2183 697 2246 ubicumque
726 2183 857 2229 fuerit
884 2184 1155 2241 nominatus,
1183 2184 1328 2230 nullus
1347 2201 1397 2237 ,se
1423 2184 1619 2244 ignorare
1637 2200 1728 2228 res-

353 2253 562 2317 pondeat.

417 2325 492 2369 IX.
530 2324 640 2368 Nam
670 2324 754 2387 ipsi
773 2325 1008 2387 respiciant
1031 2336 1072 2371 et
1094 2326 1399 2380 recordentur,
1422 2343 1554 2388 quam
1574 2325 1732 2371 multos

346 2395 459 2440 inter
492 2409 533 2437 se
568 2393 725 2439 similes
759 2394 975 2450 habeant,
1016 2413 1203 2458 quorum
1238 2414 1318 2459 par
1354 2396 1520 2440 malitia
1543 2406 1630 2451 est,
1659 2395 1733 2441 sed

348 2465 492 2527 impar
516 2463 694 2520 notitia,
718 2475 759 2509 et
780 2464 1017 2528 aliquando
1038 2468 1214 2514 veniant
1238 2466 1290 2512 ad
1316 2483 1460 2513 veram
1480 2466 1733 2512 sententiam

403 2549 410 2569 ¹
431 2546 548 2580 Miuh.
568 2558 665 2588 xum,
684 2550 714 2580 3.
729 2567 774 2572 —
791 2548 806 2571 ²
829 2562 843 2582 1
867 2550 950 2582 Tim.
977 2563 1005 2590 1,
1022 2563 1051 2591 ς.
