1894 3154
599 304 650 333 ηε
685 305 939 345 ΤιηΝΙΤΛῚῈ,
980 306 1065 336 [ΑΒ.
1110 307 1198 336 xiv.
1567 308 1596 354 9

231 385 348 413 secus
367 386 376 412 :
404 367 518 413 illam
538 369 733 432 profecto
751 369 937 415 faciebat
957 371 1117 432 species
1142 371 1362 433 praesentis
1382 373 1593 434 corporis,

230 439 346 482 hanc
368 439 509 497 imago
526 440 750 501 praeteriti.
783 439 853 484 Sic,
873 452 912 485 et
930 441 976 485 in
993 441 1077 485 hac
1104 458 1144 485 re
1158 479 1168 496 ,
1196 441 1248 486 de
1267 459 1353 504 qua
1373 458 1489 486 nunc
1507 442 1599 500 agi-

230 524 324 552 mus
343 545 352 563 ‚
398 519 439 552 et
474 519 654 572 propter
691 526 821 572 quam
859 510 1108 572 putavimus
1151 510 1452 556 adhibendum
1489 509 1600 555 illud

229 579 490 641 exemplum,
510 579 613 624 fides
631 597 729 642 quie
747 581 922 625 nuncin
937 581 1080 625 animo
1096 591 1240 626 nostro
1258 592 1342 636 est,
1359 581 1478 627 Velut
1493 579 1600 625 illud

230 666 388 711 corpus
422 649 466 693 in
494 649 613 704 loco,
640 650 744 695 dum
773 661 957 705 tenetur,
987 651 1212 712 aspicitur,
1241 663 1424 706 amatur,
1447 668 1602 714 quam-

230 716 329 762 dam
354 718 488 763 efficit
523 719 785 764 trinitatem:
817 720 889 764 sed
920 737 1005 764 non
1036 721 1127 783 ipsa
1151 721 1257 777 erit,
1295 721 1472 784 quando
1499 720 1604 765 fides

230 788 329 833 haec
352 788 396 833 in
421 790 565 834 animo
585 826 594 844 ‚
618 790 730 834 sicut
752 807 912 852 corpus
933 790 1039 835 illud
1063 791 1105 835 in
1125 790 1220 836 loco
1240 829 1249 845 ‚
1273 795 1365 850 jam
1392 808 1479 835 uon
1504 791 1596 835 erit.

233 858 344 913 Quae
363 875 462 903 vero
486 869 591 903 tunc
616 860 715 913 erit,
744 860 920 922 quando
941 878 1032 906 eam
1058 860 1387 905 recordabimur
1410 861 1456 904 in
1479 859 1605 904 nobis

230 928 356 973 fuisse
372 967 382 984 ,
406 947 491 974 non
510 947 621 985 esse,
647 931 726 974 alia
748 931 944 992 profecto
961 932 1055 976 erit.
1087 932 1211 975 Hanc
1234 931 1346 975 enim
1367 947 1465 993 qnae
1487 946 1605 974 nunc

229 1009 315 1053 est,
341 999 445 1043 facit
468 1016 531 1043 res
554 1000 645 1061 ipsa
671 1016 860 1061 praesens
884 1010 924 1044 et
958 1001 1101 1044 animo
1129 999 1340 1045 credentis
1373 999 1526 1045 affixa:
1562 1009 1605 1043 at

227 1067 345 1112 illam
370 1085 469 1131 quae
501 1078 604 1113 tunc
637 1069 740 1124 erit,
777 1068 906 1114 saciet
932 1070 990 1113 rei
1016 1069 1251 1132 praeteritae
1285 1070 1535 1129 imaginatio
1563 1069 1609 1114 in

229 1137 494 1183 recordantis
517 1140 724 1184 memoria
742 1139 959 1185 derelicta.

295 1208 369 1253 VI.
414 1210 503 1254 Nec
529 1209 600 1254 illa
625 1210 754 1270 igitur
775 1211 941 1255 trinitas
959 1247 969 1265 ‚
993 1227 1092 1272 quae
1117 1228 1234 1256 nunc
1254 1228 1341 1256 non
1361 1222 1438 1260 θεῖ,
1460 1211 1601 1269 imago

230 1279 309 1323 Dei
331 1279 437 1333 erit;
465 1296 544 1325 nec
580 1281 659 1325 ista
688 1281 830 1340 imago
867 1280 947 1325 Dei
975 1290 1064 1335 est,
1103 1297 1203 1342 quae
1234 1291 1340 1326 tunc
1364 1298 1452 1326 non
1484 1280 1565 1324 erit
1589 1297 1599 1323 ;

228 1348 299 1393 sed
325 1366 372 1394 ea
395 1359 456 1393 est
477 1350 734 1396 invenienda
754 1351 797 1395 in
819 1351 962 1395 anima
978 1350 1169 1395 hominis
1186 1388 1196 1406 ,
1216 1351 1261 1396 id
1279 1362 1357 1407 θεῖ,
1377 1350 1602 1405 rationali,

229 1418 315 1463 sive
350 1418 627 1465 intellectuali
649 1457 660 1476 ,
702 1420 842 1479 imago
883 1420 1120 1475 (tremoris,
1160 1437 1258 1482 quae
1306 1419 1606 1465 immortaliter

227 1488 543 1534 immortalitati
567 1494 656 1549 ejus
677 1500 737 1535 est
753 1490 894 1536 insita.
924 1489 1034 1534 Nam
1055 1489 1167 1534 sicut
1191 1491 1283 1552 ipsa
1303 1489 1605 1535 immortalitas

229 1558 384 1606 animae
423 1559 662 1605 secundum
716 1559 951 1623 quemdam
1000 1559 1179 1604 modum
1227 1560 1390 1605 dicitur
1406 1597 1416 1615 ‚
1469 1559 1604 1604 habet

227 1629 394 1692 quippe
419 1640 459 1674 et
480 1630 620 1675 anima
648 1641 831 1676 mortem
861 1647 981 1674 suam
1004 1666 1014 1683 ‚
1055 1646 1155 1674 cum
1187 1631 1275 1675 vita
1309 1631 1436 1676 beata
1459 1641 1601 1685 caret,

228 1715 326 1761 quae
358 1717 459 1744 vera
486 1700 641 1744 animae
671 1701 761 1744 vita
786 1699 972 1744 dicenda
1003 1709 1093 1754 θεῖ,
1127 1699 1200 1743 sed
1229 1699 1484 1744 immortalis
1509 1699 1604 1743 ideo

225 1781 531 1832 nuncupatur,
556 1771 762 1832 quoniam
788 1769 1097 1832 qualicumque
1116 1770 1205 1815 vita
1221 1807 1231 1825 ,
1256 1770 1385 1816 etiam
1406 1786 1505 1814 cum
1526 1769 1605 1813 mi-

226 1840 402 1884 serrima
433 1850 520 1892 est,
544 1857 771 1903 nunquam
797 1839 953 1884 desinit
976 1839 1119 1884 vivere
1146 1857 1156 1883 :
1185 1839 1246 1883 ita
1272 1838 1472 1902 quamvis
1494 1838 1602 1883 ratio

227 1910 291 1955 vel
312 1910 552 1955 intellectus
576 1927 694 1955 nunc
713 1911 758 1955 in
782 1928 830 1955 ea
848 1911 900 1955 sit
926 1910 1093 1972 sopitus
1111 1946 1122 1965 ‚
1144 1926 1264 1954 nunc
1285 1925 1463 1971 parvus,
1486 1925 1603 1954 nunc

228 1997 408 2039 magnus
432 1991 641 2043 appareat
658 2017 668 2035 ,
691 1998 917 2043 nunquam
942 1980 1023 2024 nisi
1041 1979 1262 2025 rationalis
1279 1989 1321 2024 θῖ
1338 1978 1602 2024 intellectua-

226 2050 277 2095 lis
300 2061 361 2095 est
386 2051 526 2096 anima
552 2051 771 2104 humanam
796 2068 845 2096 ac
864 2067 942 2113 per
962 2050 1049 2094 hoc
1070 2050 1104 2094 si
1124 2049 1363 2095 secundum
1382 2048 1469 2094 hoc
1488 2048 1603 2094 facta

226 2131 287 2165 est
311 2120 364 2166 ad
387 2116 616 2179 imaginem
645 2121 721 2165 Dei
741 2120 861 2184 quod
883 2120 948 2164 uti
970 2119 1136 2164 ratione
1155 2129 1284 2181 atque
1305 2118 1528 2163 intellectu
1547 2118 1602 2163 ad

226 2190 555 2250 intelligendum
584 2201 624 2235 et
651 2190 1010 2253 conspiciendum
1037 2190 1177 2233 Deum
1203 2198 1376 2251 potest,
1406 2187 1603 2250 profecto

228 2261 284 2305 ab
306 2261 428 2305 initio
451 2278 537 2322 quo
558 2278 644 2306 esse
665 2262 802 2322 coepit
826 2261 903 2305 ista
929 2271 1016 2304 tam
1042 2276 1197 2318 magna
1216 2269 1256 2303 et
1280 2258 1390 2303 mira
1417 2268 1572 2303 natura
1588 2295 1599 2314 ,

228 2330 314 2375 sive
333 2332 391 2375 ita
425 2329 615 2375 obsoleta
639 2331 692 2375 sit
716 2331 812 2375 haec
836 2331 976 2389 imago
998 2367 1008 2383 ‚
1043 2340 1092 2373 ut
1120 2346 1229 2391 pene
1251 2328 1371 2374 nulla
1406 2329 1485 2383 sit,
1515 2331 1602 2374 sive

228 2402 413 2445 obscura
437 2411 564 2463 atque
587 2401 790 2446 deformis
805 2439 816 2456 ,
840 2402 926 2446 sive.
951 2400 1065 2444 clara
1089 2410 1130 2444 et
1159 2399 1348 2462 pulchra
1372 2399 1451 2453 sit,
1483 2415 1598 2443 sem-

227 2487 306 2533 per
334 2481 408 2517 est.
449 2471 646 2534 Denique
679 2471 995 2516 deformitatem
1027 2469 1250 2528 dignitatis
1277 2473 1368 2528 ejus
1400 2468 1601 2513 miserans

160 2563 167 2570 -
228 2540 376 2586 divina
401 2539 629 2603 Scriptura
651 2559 661 2585 ε
693 2562 712 2582 «
735 2541 1000 2603 Quanquam
1019 2576 1029 2595 ,
1053 2539 1220 2601 inquit,
1241 2539 1287 2584 in
1310 2538 1496 2597 imagine
1517 2555 1603 2583 am-

229 2631 250 2652 »
268 2609 396 2655 bulat
412 2610 545 2656 homo
561 2648 571 2666 ‚
598 2621 742 2656 tamen
766 2627 873 2657 vane
892 2610 1182 2656 conturbatur
1204 2627 1213 2654 ε
1246 2609 1509 2654 thesaurizat
1532 2645 1543 2661 ,
1563 2619 1605 2653 et
