1894 3154
350 289 444 346 354
764 302 798 333 s,
841 297 1087 334 Aususnm
1122 300 1326 335 Emscom

348 391 369 414 <c
389 371 486 419 Hoc
506 369 600 434 ipso
613 369 745 429 magis
761 369 989 416 haereticos
1011 369 1070 420 ad,
1083 370 1378 418 necessitatem
1391 368 1592 418 veniendi
1608 362 1724 430 adigi

349 443 539 509 potuisse
554 479 565 498 ,
592 441 626 486 si
645 458 792 486 rursus
814 441 859 487 in
880 441 1098 488 catholica
1118 442 1476 506 baptizarentur3
1497 465 1516 486 »
1538 452 1722 507 propte-

346 532 421 561 rea
443 527 782 559 commemorare
805 511 925 558 volui
949 523 1137 574 quantus
1158 531 1267 576 pene
1289 513 1335 560 in
1351 514 1546 560 omnium
1566 513 1724 560 menti·-

347 586 432 632 bus
454 585 588 643 hujus
606 582 710 628 facti
732 582 889 627 horror
907 581 1117 639 insideat,
1146 599 1275 645 quem
1299 583 1507 630 divinitus
1534 582 1726 629 infusum

348 673 434 702 esse
458 653 733 709 crediderim,
761 663 808 698 ut
834 652 1034 699 adversus
1050 652 1269 716 quaslibet
1291 652 1604 718 disputationes
1620 670 1728 718 quas

344 725 509 773 infirmi
540 723 754 770 discutere
779 733 1027 787 nequeunt,
1058 723 1240 770 horrore
1275 724 1370 789 ipso
1402 725 1594 772 Ecclesia
1623 740 1728 770 mu-

345 807 526 843 mretur.

411 866 535 914 VIII.
579 867 690 912 Sane
723 864 857 913 Verba
880 864 973 928 ipsa
997 864 1210 929 Cypriani
1232 882 1332 912 cum
1357 865 1543 923 intueor,
1574 864 1730 912 admo-

347 955 453 984 neor
466 937 666 1002 quaedam
685 937 876 983 multum
893 937 1130 982 necessaria
1151 936 1292 984 dicere
1306 937 1563 985 dirimendae
1579 937 1731 998 hujus-

348 1009 470 1055 modi
494 1009 756 1072 quaestioni:
786 1008 937 1052 «Nam
967 1008 1001 1053 si
1035 1008 1246 1066 viderint,
1285 1010 1456 1073 inquit,
1491 1008 1661 1070 judicio
1690 1018 1732 1053 et

349 1080 557 1126 sententia
580 1089 726 1124 nostra
744 1078 791 1124 ld
810 1077 982 1123 decerni
1003 1088 1044 1123 et
1061 1079 1208 1135 statui,
1237 1080 1301 1125 uti
1324 1080 1546 1143 baptisma
1563 1083 1732 1139 justum

348 1161 390 1195 et
412 1150 654 1210 legitimum
681 1159 983 1212 computetur,
1023 1166 1111 1211 quo
1143 1149 1233 1194 illic
1269 1150 1580 1212 baptizantur3
1605 1160 1734 1213 puta*

347 1221 462 1266 bunt
499 1238 540 1266 se
579 1219 819 1266 Ecclesiam
855 1235 1028 1282 quoque
1057 1229 1098 1265 et
1130 1230 1287 1265 caetera
1314 1237 1493 1266 munera
1529 1217 1734 1264 Ecclesiae

346 1295 462 1350 juste
477 1301 518 1336 et
534 1290 722 1350 legitime
734 1289 968 1352 possidere.
996 1311 1016 1331 >2
1037 1289 1135 1334 Non
1160 1290 1237 1346 ait,
1253 1291 1477 1353 putabunt
1495 1306 1536 1334 se
1555 1304 1735 1334 munera

353 1361 557 1407 Ecclesiae
577 1359 826 1424 possidere3
863 1359 937 1406 sed
973 1381 993 1401 «
1013 1358 1134 1406 Juste
1166 1371 1207 1406 et
1239 1358 1428 1421 legitime
1458 1359 1688 1425 possidere.
1716 1381 1736 1401 »

350 1432 440 1477 Nos
464 1442 609 1477 autem
630 1431 899 1495 baptismum
919 1448 990 1476 cos
1008 1447 1095 1476 non
1109 1433 1226 1490 Juste
1246 1441 1286 1477 et
1304 1431 1495 1491 legitime
1518 1429 1737 1495 possidere

352 1502 632 1549 concedimus
654 1520 664 1547 ε
693 1519 781 1548 non
800 1501 1021 1566 possidere
1043 1511 1185 1547 autem
1206 1519 1294 1548 non
1317 1518 1545 1565 possumus
1569 1501 1735 1557 dicere,

354 1589 454 1619 cum
477 1583 801 1618 sacramentum
824 1572 1105 1618 Dominicum
1125 1572 1171 1617 in
1190 1572 1461 1632 Evangelicis
1479 1571 1623 1628 verbis
1641 1588 1740 1631 cog-

352 1646 584 1691 noscimus.
623 1644 901 1708 Baptismum
938 1661 1037 1704 ergo
1061 1644 1304 1704 legitimum
1330 1644 1527 1699 habent,
1556 1642 1630 1689 sed
1654 1659 1742 1688 non

346 1716 536 1777 legitime
554 1716 737 1762 habent.
766 1716 983 1779 Quisquis
1000 1715 1114 1761 enim
1139 1732 1238 1761 eum
1269 1726 1311 1760 et
1333 1715 1378 1761 in
1397 1716 1562 1761 unitate
1582 1712 1743 1760 catho-

352 1784 439 1833 lica
459 1798 499 1833 et
525 1804 573 1832 eo
595 1786 724 1846 digne
749 1787 898 1833 vivens
922 1786 1084 1843 habet,
1125 1797 1167 1832 et
1200 1786 1444 1846 legitimum
1480 1796 1521 1832 et
1555 1784 1745 1845 legitime

353 1857 491 1902 habet
513 1875 523 1901 ι
551 1857 746 1919 quisquis
772 1867 913 1902 autom
945 1856 1012 1903 vel
1043 1857 1089 1902 in
1118 1858 1211 1920 ipsa
1231 1855 1462 1903 Catholica
1487 1856 1600 1902 sicut
1621 1854 1745 1919 palea

355 1926 588 1974 commixta
608 1926 844 1981 frumento,
860 1926 925 1971 vc]
947 1937 1059 1971 extra
1080 1929 1191 1972 sicut
1203 1927 1326 1989 palea
1341 1938 1470 1973 vento
1482 1925 1652 1972 sublata
1668 1925 1746 1971 ha-

357 1998 450 2053 bet,
477 1997 598 2060 hunc
612 1996 883 2059 baptismum
904 1995 1146 2055 legitimum
1175 1996 1353 2060 quidem
1380 1997 1537 2052 habet,
1561 1996 1634 2042 sed
1658 2013 1745 2041 non

356 2068 560 2129 legitime.
592 2068 658 2112 Ita
682 2066 795 2112 enim
813 2066 947 2111 habet
968 2066 1341 2130 quemadmodum
1364 2067 1504 2112 utitur
1523 2084 1534 2111 ι
1561 2084 1647 2112 non
1666 2084 1745 2112 au—

358 2149 445 2185 tem
467 2137 655 2198 legitime
676 2137 815 2182 utitur
831 2137 968 2200 quico
990 2147 1141 2182 contra
1166 2137 1301 2197 legem
1318 2137 1482 2190 utitur3
1506 2136 1625 2199 quod
1642 2135 1748 2182 facit

360 2210 500 2256 omnis
518 2208 595 2273 qui
616 2207 863 2271 baptizatus
892 2207 1060 2271 perdite
1082 2207 1192 2254 vivit
1206 2244 1216 2263 ‚
1244 2208 1330 2254 sive
1353 2207 1470 2253 intus
1485 2244 1496 2264 ‚
1519 2206 1605 2254 sive
1623 2206 1740 2254 foris.

427 2282 505 2327 IX.
538 2280 821 2342 Quapropter
841 2278 952 2324 sicut
975 2278 1028 2324 de
1044 2279 1136 2339 lege
1162 2278 1269 2324 dixit
1290 2277 1523 2342 Apostolus
1547 2295 1558 2323 ι
1586 2279 1746 2322 «Bona

359 2372 381 2394 >³
398 2361 458 2396 est
476 2351 563 2405 lex,
598 2349 630 2394 si
665 2349 760 2412 quis
785 2366 833 2394 ea
859 2348 1047 2409 legitime
1075 2348 1261 2395 utatur1
1287 2367 1297 2394 ε
1320 2371 1339 2391 »
1364 2350 1424 2395 ita
1450 2348 1503 2394 de
1527 2347 1747 2411 baptismo

357 2432 472 2468 recte
496 2420 638 2466 dicere
664 2437 896 2483 possumus
919 2438 928 2464 z
956 2421 1105 2466 Bonus
1133 2431 1197 2467 est
1219 2420 1465 2484 baptismus
1483 2457 1494 2476 ‚
1522 2419 1555 2464 si
1578 2419 1675 2482 quis
1698 2435 1748 2463 eo

363 2492 553 2554 legitime
576 2501 737 2538 utatur.
770 2493 826 2536 Et
850 2492 962 2536 sicut
986 2509 1076 2537 non
1104 2490 1325 2537 faciebant
1349 2501 1455 2536 tunc
1476 2500 1524 2536 ut
1546 2489 1611 2535 lex
1633 2489 1750 2534 bona

365 2581 456 2611 non
488 2573 619 2618 esset,
653 2572 728 2608 aut
762 2563 939 2609 omnino
962 2562 1085 2610 nulla
1108 2572 1212 2610 esset
1231 2599 1243 2621 ,
1269 2561 1344 2627 qui
1373 2579 1421 2609 ea
1444 2577 1533 2608 non
1564 2558 1753 2621 legitime

412 2647 425 2695 ¹.
447 2659 460 2678 1
487 2646 570 2679 Tim.
591 2657 630 2690 11,
654 2647 684 2678 3.

1854 2521 1857 2567 1
