1894 3154
324 270 415 325 [152
746 285 780 314 s.
827 284 1067 314 Atssocsrrxi
1104 284 1307 315 EPISCOPI

322 366 422 396 cum
435 348 597 394 dicitur
610 386 620 404 ‚
634 348 721 394 sive
734 347 948 394 tricenum
957 387 966 405 ,
980 348 1065 394 sive
1077 367 1325 409 sexagenum
1339 387 1350 405 ,
1367 349 1453 396 sive
1463 361 1691 397 centenum

319 419 513 465 fructum
534 420 707 464 afferens
736 436 836 464 cum
859 419 1096 465 tolerantia.
1129 420 1236 464 Heec
1261 419 1414 465 domus
1439 431 1499 465 est
1520 421 1564 466 in
1584 421 1694 467 vasis

322 491 459 536 aureis
482 501 523 535 et
541 490 746 549 argenteis
762 527 771 543 ‚
795 500 834 534 et
858 490 1081 551 lapidibus
1102 491 1300 552 pretiosis
1316 528 1325 545 ‚
1347 502 1388 536 et
1408 491 1534 551 lignis
1550 492 1694 555 impu-

322 560 586 606 tribilibus‘l.
627 560 741 605 Huic
770 559 920 603 domui
950 559 1111 604 dicitur
1136 577 1145 603 ε
1175 582 1194 600 «
1219 561 1476 606 Sufferentes
1507 561 1694 607 invicem

319 652 340 671 »
354 632 400 675 in
417 630 646 675 dilectione
661 667 672 686 ,
696 628 915 674 studentes
932 646 1096 674 servare
1112 630 1321 675 unitatem
1338 631 1515 693 spiritus
1533 630 1579 676 in
1601 632 1694 677 vin-

318 722 340 742 »
355 700 454 746 culo
472 701 592 764 pacis
611 701 645 746 2.
681 699 806 756 »'Et‚
833 720 853 740 c<
876 700 1109 762 Templum
1145 701 1258 746 enim
1282 701 1359 746 Dei
1380 712 1578 747 sanctum
1601 713 1689 759 est,

317 792 339 812 ))
353 771 474 835 quod
498 771 597 816 estis
617 770 733 816 vosss.
757 791 777 811 2>
802 770 910 815 Haec
938 771 1103 833 quippe
1133 771 1178 815 in
1213 771 1338 816 bonis
1370 771 1574 817 fidelibus
1602 783 1689 829 est,

315 852 358 886 et
378 842 533 887 sanctis
568 841 648 886 Dei
677 840 807 886 servis
832 840 996 903 ubique
1026 840 1227 904 dispersis
1253 851 1293 886 et
1323 841 1505 904 spiritali
1530 842 1694 888 unitate

315 910 527 957 devinctis
545 911 590 956 in
610 910 758 956 eadem
782 910 1088 955 communione
1120 921 1488 957 sacramentorum
1506 948 1517 967 ‚
1545 911 1631 958 sive
1652 929 1695 957 se

314 981 424 1027 facie
447 981 668 1037 noverint,
705 981 792 1026 sive
828 997 915 1025 non
946 980 1159 1026 noverint.
1200 979 1313 1025 Alios
1339 991 1482 1026 autem
1514 981 1575 1026 ita
1607 980 1695 1026 dici

315 1068 401 1096 esse
418 1051 464 1096 in
491 1051 647 1107 domo,
683 1060 731 1094 ut
753 1066 841 1094 non
864 1050 1108 1111 pertineant
1136 1049 1191 1094 ad
1218 1066 1473 1112 compagem
1506 1050 1660 1095 domus
1678 1087 1690 1106 ‚

315 1138 396 1167 nec
426 1121 481 1166 ad
517 1121 762 1166 societatem
795 1119 1032 1164 fructiferae
1066 1119 1350 1183 pacificaeque
1376 1120 1588 1179 justitiae3
1621 1119 1695 1165 sed

315 1192 427 1238 sicut
447 1208 533 1237 esse
558 1191 682 1254 palea
705 1189 868 1235 dicitur
888 1190 932 1234 in
954 1189 1182 1234 frumentis
1204 1207 1213 1233 :
1238 1207 1336 1234 nam
1356 1199 1398 1234 et
1422 1190 1524 1235 istos
1547 1206 1633 1235 esse
1649 1190 1695 1235 in

315 1262 478 1319 domo,
516 1278 669 1321 negare
705 1276 792 1305 non
826 1276 1082 1322 possumus,
1116 1259 1286 1305 dicente
1319 1259 1565 1323 Apost010:
1598 1261 1695 1305 «In

314 1353 336 1374 »
353 1350 509 1392 magna
531 1341 674 1377 autem
693 1330 824 1375 domo
845 1346 934 1374 non
959 1329 1099 1374 solum
1125 1346 1251 1374 aurea
1272 1346 1372 1374 vasa
1407 1340 1506 1374 sunt
1535 1329 1601 1375 vel
1622 1347 1696 1375 ar-

315 1425 337 1445 »
357 1414 506 1464 gentea
524 1440 534 1458 ‚
564 1401 636 1447 sed
659 1412 700 1446 et
723 1400 861 1460 lignea
878 1410 920 1444 et
939 1400 1089 1445 fictilia
1107 1437 1118 1456 ,
1145 1411 1187 1445 et
1211 1399 1293 1444 alia
1322 1400 1499 1463 quidem
1526 1410 1625 1446 sunt
1648 1399 1694 1445 in

311 1474 561 1519 »honorem
575 1510 585 1527 ‚
614 1472 695 1517 alia
714 1487 813 1517 vero
837 1471 882 1515 in
903 1470 1211 1515 contumeliam
1228 1470 1260 1516 4.
1288 1492 1307 1511 n
1328 1472 1390 1516 Ex
1409 1471 1496 1516 hoc
1514 1487 1694 1516 numero

314 1543 671 1599 innumerabilif’,
699 1559 786 1587 non
805 1540 943 1586 solum
964 1542 1092 1587 turba
1120 1542 1237 1586 intus
1258 1558 1457 1603 premens
1477 1558 1552 1586 cor
1578 1557 1695 1603 pau-

316 1632 470 1661 corum
493 1615 538 1659 in
561 1625 694 1659 tantae
727 1611 1020 1657 multitudinis
1056 1613 1381 1675 comparatione
1415 1622 1662 1657 sanctorum
1679 1648 1691 1668 ‚

316 1686 391 1732 sed
411 1685 540 1731 etiam
570 1683 779 1746 disruptis
799 1683 964 1727 retibus
988 1683 1169 1728 haereses
1189 1693 1230 1727 et
1252 1682 1486 1727 schismata
1510 1682 1696 1727 existunt

315 1758 361 1801 in
379 1757 437 1801 eis
451 1793 461 1812 ‚
483 1756 559 1818 qui
574 1758 666 1814 jam
688 1754 821 1812 magis
840 1770 887 1797 ex
905 1753 1036 1798 domo
1050 1770 1183 1816 quam
1203 1753 1249 1798 in
1269 1753 1399 1798 domo
1412 1770 1498 1798 esse
1519 1751 1695 1798 dicendi

317 1839 444 1883 sunt,
471 1826 524 1872 de
553 1825 713 1888 quibus
743 1824 905 1869 dicitur
928 1841 939 1868 :
970 1845 989 1864 α
1013 1825 1073 1868 Ex
1097 1824 1223 1869 nobis
1247 1824 1464 1879 exierunt,
1502 1822 1576 1868 sed
1607 1839 1697 1867 non

319 1919 339 1939 >³
355 1908 478 1942 erant
512 1913 559 1941 ex
595 1895 765 1940 nobisss.
802 1915 822 1934 >³
853 1895 1144 1956 Separatiores
1174 1894 1287 1939 enim
1319 1905 1419 1940 sunt
1437 1897 1529 1953 jam
1567 1893 1695 1938 etiam

319 1966 602 2031 corporaliter
633 1964 863 2024 segregati,
890 1981 1021 2026 quam
1051 1964 1115 2008 illi
1155 1965 1229 2026 qui
1264 1965 1442 2010 interius
1467 1963 1697 2009 carnaliter

317 2048 361 2083 et
381 2036 621 2083 animaliter
641 2035 821 2090 vivunt,
847 2044 888 2078 et
913 2033 1161 2096 spiritaliter
1189 2035 1374 2097 separati
1399 2045 1514 2080 sunt.

387 2107 437 2154 C.
468 2107 639 2152 Horum
664 2115 804 2150 autem
832 2105 1027 2149 omnium
1050 2121 1253 2163 generum
1282 2105 1344 2149 illi
1369 2104 1518 2166 primi,
1544 2103 1621 2166 qui
1635 2103 1695 2149 sic

316 2188 418 2223 sunt
434 2177 480 2221 in
505 2176 636 2221 domo
666 2175 764 2229 Dei,
785 2184 833 2219 ut
853 2174 936 2236 ipsi
957 2174 1040 2218 sint
1066 2174 1221 2219 domus
1257 2175 1354 2229 Dei,
1380 2176 1466 2220 sive
1485 2177 1577 2232 jam
1602 2174 1697 2236 spi-

319 2247 464 2292 ritales
483 2247 583 2301 sint,
607 2246 693 2291 sive
714 2245 862 2289 adhuc
886 2244 1056 2306 parvuli
1084 2244 1192 2289 lacte
1218 2245 1467 2290 nutriantur
1487 2281 1498 2298 ,
1529 2243 1602 2289 sed
1628 2254 1697 2289 ta-

318 2335 418 2363 men
458 2317 512 2361 ad
555 2316 791 2379 spiritalem
822 2315 1028 2360 habitum
1061 2315 1400 2360 intentocorde
1429 2314 1692 2378 proficiant,

320 2404 446 2433 nemo
470 2387 645 2432 dubitat
666 2386 784 2449 quod
802 2385 1072 2447 baptismum
1097 2396 1137 2430 et
1168 2385 1330 2430 utiliter
1349 2385 1560 2440 habeant,
1591 2394 1633 2429 et
1655 2401 1696 2429 se

320 2458 594 2503 imitantibus
617 2457 779 2502 utiliter
806 2455 981 2501 tradant
1005 2473 1015 2499 :
1040 2455 1152 2500 fictis
1175 2466 1336 2506 autem,
1363 2472 1470 2518 quos
1507 2454 1697 2517 Spiritus

368 2555 380 2576 ¹
401 2566 418 2584 2
436 2554 521 2587 Tim.
542 2566 581 2592 ιι,
601 2565 654 2587 20.
672 2572 717 2577 —
733 2553 748 2575 2
763 2553 878 2596 Ephes.
898 2563 942 2594 iv,
958 2550 1075 2583 ⁴2.—3
1096 2563 1109 2582 1
1130 2554 1203 2585 Cor.
1218 2564 1268 2593 ιιι,
1292 2564 1389 2593 17.-·
1408 2550 1422 2574 ⁴
1442 2564 1459 2583 2
1480 2551 1562 2584 Tim.
1577 2563 1615 2591 11,
1632 2562 1688 2586 20.

322 2625 364 2632 —
380 2605 394 2630 5
408 2607 493 2639 vide
512 2619 529 2639 2
548 2610 691 2641 Retract.
711 2608 763 2639 18.
783 2605 856 2630 -ὕ
879 2618 891 2637 ι
909 2608 1005 2638 Joan.
1026 2617 1062 2644 11,
1087 2617 1137 2646 19.
