1894 3154
314 208 406 264 406
734 225 769 256 S.
811 225 1057 256 Ancnsrml
1092 224 1294 254 EPlscom

312 287 540 350 Baptizant
556 287 724 352 quippe
746 290 912 354 iniqui3
935 289 1144 354 quoniam
1165 288 1308 352 iniqui
1332 299 1432 334 sunt
1451 288 1516 334 illi
1533 300 1686 353 rapto-

313 375 394 412 res,
424 375 532 420 quos
551 359 596 403 in
623 361 786 406 unitate
800 379 945 408 secum
970 361 1130 425 positos
1155 360 1402 424 Cyprianus
1428 359 1680 420 arguebat1.

316 427 400 473 Sed
422 427 519 472 ideo
538 464 549 483 ‚
578 428 737 492 inquit,
761 431 934 478 addidit
952 431 1071 478 foris.
1109 431 1202 476 Cur
1225 447 1324 490 ergo
1342 430 1411 476 isti
1439 430 1544 476 foris
1571 431 1689 494 bap-

319 498 448 543 tizare
482 515 569 543 non
601 505 816 561 possunt?
846 503 913 547 An
937 502 1039 564 quia
1070 504 1237 563 pejores
1272 512 1372 545 sunt
1394 517 1443 545 eo
1474 501 1569 563 ipso
1601 517 1690 564 quo

335 569 420 616 oris
447 571 578 614 sunt?
603 570 687 615 Sed
720 572 832 617 nihil
864 572 1038 617 interest
1058 571 1112 616 ad
1136 571 1423 630 integritatem
1450 572 1687 634 baptismi,

317 649 481 701 quanto
503 641 627 700 pejor
647 639 693 684 id
717 641 874 688 tradat.
907 643 1058 705 Neque
1088 640 1204 686 enim
1222 650 1392 685 tantum
1416 640 1590 686 interest
1614 642 1687 686 in-

323 719 384 752 ter
407 707 570 752 malum
592 719 633 754 et
659 714 872 772 pejorem,
899 722 1114 775 quantum
1141 710 1318 756 interest
1335 711 1447 756 inter
1466 711 1633 757 bonum
1652 722 1693 757 et

323 777 515 823 malum:
539 788 581 824 et
607 790 751 825 tamen
780 797 881 829 cum
916 782 1113 844 baptizat
1147 780 1284 826 malus
1306 817 1316 835 ‚
1352 798 1440 826 non
1463 781 1582 827 aliud
1619 781 1696 826 dat

320 865 451 911 quam
472 849 630 896 bonus.
657 851 770 911 Ergo
794 862 835 897 et
857 869 958 898 cum
978 853 1175 915 baptizat
1188 855 1332 914 pejor,
1362 868 1449 896 non
1469 851 1589 897 aliud
1618 851 1695 896 dat

323 936 455 981 quam
478 919 549 965 ille
571 921 649 984 qui
671 922 814 968 minus
840 934 900 969 est
912 923 1063 970 malus.
1087 925 1153 969 An
1170 923 1278 968 forte
1302 940 1389 967 non
1408 922 1463 968 ad
1487 922 1676 968 hominis

327 990 547 1045 meritum,
563 991 635 1036 sed
655 992 709 1037 ad
724 993 859 1056 ipsius
873 994 1406 1057 baptismisacramentum
1422 993 1625 1056 pertinet,
1653 1003 1700 1037 ut

322 1059 425 1104 foris
445 1060 540 1105 dari
562 1078 651 1106 non
682 1064 845 1124 possit?
869 1063 916 1108 Si
945 1063 1033 1108 hoc
1059 1063 1118 1108 ita
1144 1073 1248 1108 esset
1270 1099 1281 1117 ,
1309 1080 1390 1108 nec
1415 1063 1572 1108 haberi
1594 1062 1698 1108 foris

328 1139 496 1192 posset,
537 1141 579 1175 et
609 1132 734 1176 toties
758 1149 928 1177 necesse
971 1143 1076 1177 esset
1119 1132 1553 1195 baptizari,quoties
1578 1148 1700 1178 rece-

324 1200 428 1246 dens
453 1201 636 1264 quisque
657 1202 713 1247 ab
739 1203 930 1248 Ecclesia
948 1219 1095 1248 rursus
1114 1202 1170 1247 ad
1188 1202 1426 1248 Ecclesiam
1450 1212 1690 1248 remeasset.

391 1271 550 1318 XLIV.
577 1272 602 1316 J
607 1289 677 1317 am
693 1289 797 1317 vero
820 1273 853 1318 si
871 1272 1121 1332 diligentius
1141 1289 1389 1336 quaeramus
1402 1272 1510 1335 quid
1528 1272 1584 1317 sit
1606 1272 1701 1318 «fo-

328 1341 402 1396 ris,
422 1362 442 1382 ›>
462 1342 644 1387 maxime
661 1342 764 1405 quia
784 1343 876 1405 ipse
893 1343 1347 1388 commemorationem
1365 1342 1468 1388 fecit
1483 1353 1619 1405 petrae
1636 1358 1701 1388 su-

331 1427 548 1474 perquam
570 1411 815 1458 aedificatur
833 1412 1049 1458 Ecclesia:
1071 1412 1290 1458 nonneilli
1311 1413 1471 1458 suntin
1489 1412 1698 1468 Ecclesia,

332 1482 406 1545 qui
427 1493 527 1527 sunt
548 1482 592 1527 in
616 1493 739 1545 petra
758 1504 770 1538 ;
792 1484 869 1547 qui
903 1494 1046 1529 autem
1077 1484 1122 1529 in
1153 1494 1275 1547 petra
1306 1501 1396 1528 non
1417 1494 1534 1539 sunt,
1560 1483 1703 1529 necin

334 1551 529 1597 Ecclesia
565 1555 809 1599 suntPJam
839 1571 937 1612 ergo
956 1553 1181 1600 videamus
1208 1564 1354 1599 utrum
1386 1571 1515 1617 super
1534 1564 1705 1617 petram

331 1621 565 1668 aedificium
591 1640 717 1668 suum
743 1625 1026 1679 constituant,
1054 1625 1131 1688 qui
1156 1624 1343 1669 audiunt
1361 1624 1527 1669 Christi
1549 1624 1700 1679 verba,

331 1702 372 1737 et
395 1709 483 1737 non
505 1692 687 1740 faciunt.
728 1694 1002 1739 contradicit
1035 1695 1093 1739 eis
1125 1694 1218 1757 ipse
1242 1694 1454 1740 Dominus
1476 1731 1486 1750 ,
1516 1693 1663 1739 dicens
1690 1710 1702 1738 :

333 1783 354 1803 «
376 1763 464 1819 Qui
489 1763 611 1809 audit
637 1764 770 1810 verba
791 1782 885 1810 mea
908 1765 1007 1810 haec
1030 1801 1041 1820 ‚
1064 1775 1106 1810 et
1127 1764 1233 1810 facit
1254 1782 1303 1810 ea
1323 1802 1333 1821 ,
1357 1765 1556 1812 similabo
1581 1763 1706 1810 illum

331 1854 352 1875 »
374 1833 468 1879 viro
482 1834 791 1898 prudentiqui
808 1835 997 1880 aedificat
1011 1835 1190 1881 domum
1204 1852 1325 1881 suam
1336 1852 1465 1898 super
1473 1834 1677 1898 petram2.
1688 1854 1709 1875 υ

333 1904 390 1948 Et
412 1903 545 1965 paulo
565 1915 664 1966 post
688 1922 698 1948 ε
726 1926 746 1946 ι(
769 1906 857 1961 Qui
881 1904 1004 1949 audit
1017 1906 1150 1951 verba
1167 1923 1261 1951 mea
1286 1906 1385 1951 haec
1400 1943 1411 1961 ,
1434 1916 1476 1951 et
1498 1922 1586 1951 non
1603 1904 1710 1950 facit

333 1994 356 2014 ))
374 1989 439 2027 ea,
463 1973 663 2020 similabo
684 1991 782 2020 eum
804 1975 895 2021 viro
916 1974 1065 2029 stulto,
1085 1975 1162 2037 qui
1181 1975 1371 2021 aedificat
1388 1976 1569 2025 domum
1587 1990 1711 2020 suam

335 2065 356 2085 »
376 2060 506 2106 super
531 2062 720 2091 arenam.
749 2066 768 2085 >³
817 2045 863 2091 Si
906 2062 1004 2105 ergo
1027 2045 1074 2091 in
1096 2056 1220 2108 petra
1238 2056 1300 2091 est
1316 2045 1526 2098 Ecclesia,
1548 2044 1612 2090 illi
1631 2043 1710 2107 qui

335 2131 464 2177 super
479 2130 651 2160 arenam
669 2125 787 2171 sunt,
810 2115 915 2179 quia
941 2125 1055 2161 extra
1079 2126 1248 2179 petram
1273 2126 1373 2161 sunt
1389 2153 1400 2171 ,
1421 2114 1618 2178 profecto
1637 2130 1711 2158 ex-

334 2195 399 2230 tra
432 2184 673 2230 Ecclesiam
710 2196 826 2232 sunt.
874 2185 1175 2232 Recordemur
1208 2187 1353 2248 itaque
1384 2202 1516 2248 quarn
1551 2183 1711 2230 multos

334 2265 644 2300 commemoret
665 2255 916 2318 Cyprianus
940 2255 1058 2302 velut
1075 2257 1192 2302 intus
1214 2257 1377 2319 positos
1400 2255 1475 2318 qui
1490 2254 1712 2301 aedificant

331 2340 461 2386 super
475 2341 666 2381 arenam,
679 2325 725 2371 id
744 2337 823 2380 est,
845 2325 1173 2372 audiuntverba
1188 2327 1351 2372 Christi
1367 2337 1408 2371 et
1422 2343 1510 2371 non
1522 2324 1704 2371 faciunt.

333 2395 389 2440 Et
406 2393 503 2440 ideo
524 2395 626 2458 quia
649 2412 779 2460 super
808 2414 979 2443 arenam
1003 2409 1121 2454 sunt,
1157 2408 1271 2443 extra
1292 2408 1462 2461 petram
1493 2413 1580 2441 esse
1602 2412 1713 2440 con—

323 2464 580 2522 vincuntur,
607 2466 728 2530 quod
761 2477 822 2513 est
842 2478 958 2525 extra
980 2467 1254 2525 Ecclesiam:
1281 2478 1425 2514 tamen
1449 2476 1491 2513 et
1513 2464 1711 2530 quandiu

381 2549 392 2571 ¹
413 2551 511 2581 Serm.
526 2548 565 2581 de
585 2549 691 2593 lapsis.
714 2569 758 2575 —
773 2549 788 2572 ²
801 2549 919 2586 Matth.
937 2562 997 2590 vu,
1021 2557 1076 2587 14.
