1894 3154
302 176 359 209 DE
396 173 619 207 BAPTISMO
655 174 832 206 CONTRA
866 174 1158 218 υοΝΑΤΙΞΤΑε,
1198 178 1286 210 rm.
1327 181 1370 211 v.
1459 166 1553 231 375

173 261 259 291 esse
273 243 545 304 judicaretur
564 259 574 287 :
596 252 775 305 propter
795 241 1019 287 charitatis
1035 252 1177 288 autem
1209 245 1551 308 copulationem,

174 315 295 378 quod
317 325 379 360 est
402 313 635 359 maximum
659 312 825 363 donum
851 311 1040 374 Spiritus
1064 314 1220 369 saneti,
1248 316 1338 361 sine
1359 334 1446 380 quo
1466 335 1554 365 non

171 385 318 431 valent
342 385 396 430 ad
422 384 602 430 salutem
616 399 908 446 quaecumque
927 382 1009 427 alia
1026 394 1174 428 sancta
1197 385 1244 430 in
1267 386 1446 433 homine
1463 389 1554 436 fue-

171 455 282 512 rint,
302 471 457 504 manus
476 453 692 502 haereticis
710 452 912 498 correctis
930 453 1186 515 imponitur.

235 524 439 571 XXXIV,
479 524 616 578 «Jam
651 523 704 577 de
739 522 903 586 templo
932 522 1040 579 Dei,
1064 545 1083 565 ›>
1102 534 1144 569 et
1175 525 1399 587 quomodo
1433 528 1554 575 acci-

169 594 382 659 piendum
405 595 459 640 sit
471 631 482 651 ‚
512 615 532 637 c<
548 595 777 658 Quotquot
791 594 836 640 in
851 593 1028 639 Christo
1043 594 1254 658 baptizati
1274 597 1389 654 estis,
1403 599 1552 646 Chris-

170 687 191 708 »
213 677 309 713 tum
340 665 596 722 induistis1,
615 687 635 708 2)
660 666 759 719 satis
791 665 1038 725 disseruisse
1070 683 1139 712 me
1167 667 1360 715 memini.
1402 669 1552 734 Neque

169 735 285 782 enim
311 735 428 782 avari
452 736 665 799 templum
690 736 771 781 Dei
793 746 912 791 sunt,
939 752 1041 780 cum
1060 736 1272 815 scriptum
1299 738 1378 783 sit:
1403 759 1423 780 α
1440 740 1554 796 Qut„
1530 756 1555 770 ἢ

169 807 378 853 »societas
397 807 559 870 templo
576 808 655 852 Dei
669 824 768 852 cum
786 806 941 852 idolis
925 807 941 828 ’7
957 809 975 852 Ξ)
995 828 1015 847 α
1040 807 1097 851 Et
1116 824 1169 853 av
1173 808 1341 853 aritiam
1364 809 1552 856 idolola—

168 877 298 923 triam
333 894 444 933 esse,
482 878 775 923 testimonium
815 863 954 922 Pauli'
984 880 1049 940 C)
1053 878 1233 940 prianus
1256 881 1547 943 assumpserit.

169 947 369 993 Induunt
394 959 535 994 autem
560 948 757 993 homines
785 948 1029 1003 Christum,
1061 947 1298 1010 aliquando
1332 966 1469 1012 usque
1499 951 1556 997 ad

167 1019 425 1063 sacramenti
460 1018 784 1081 perceptionem
804 1055 813 1073 ‚
856 1017 1092 1081 aliquando
1123 1028 1165 1063 et
1204 1035 1340 1082 usque
1369 1019 1425 1064 ad
1451 1020 1555 1066 vitae

167 1089 554 1135 sanctificationem
576 1106 587 1134 ι
626 1100 755 1153 atque
790 1088 902 1134 illud
927 1089 1121 1152 primum
1141 1099 1182 1134 et
1205 1089 1332 1135 bonis
1359 1100 1399 1135 et
1429 1091 1553 1138 malis

167 1169 309 1222 potest
331 1176 416 1205 esse
451 1176 685 1204 commune
700 1197 712 1215 ,
749 1160 837 1204 hoc
865 1170 1008 1205 autem
1032 1159 1212 1205 alterum
1234 1160 1467 1223 proprium
1492 1171 1554 1208 est

166 1228 387 1274 bonorum
411 1240 451 1274 et
467 1229 658 1292 piorum.
686 1230 970 1293 Quapropter
993 1230 1027 1276 si
1060 1230 1321 1292 «Baptisma
1349 1247 1436 1276 esse
1463 1231 1554 1277 sine

167 1298 338 1362 Spiritu
362 1316 452 1345 non
477 1310 646 1363 potest,
667 1321 687 1340 ›>
709 1300 875 1346 habent
899 1311 941 1345 et
976 1300 1191 1363 Spiritum
1215 1300 1442 1354 liaeretici3
1479 1301 1553 1347 sed

167 1370 223 1416 ad
240 1369 477 1434 perniciem
492 1408 503 1427 ‚
532 1387 622 1416 non
647 1369 701 1416 ad
721 1369 922 1427 salutem,
947 1370 1059 1415 sicut
1075 1370 1236 1415 habuit
1256 1370 1361 1415 Saul
1374 1370 1406 1417 ³.
1439 1372 1552 1416 Nam

166 1457 245 1504 per
268 1457 427 1489 nomen
451 1439 618 1487 Christi
640 1441 684 1486 in
707 1440 874 1503 Spiritu
892 1451 1041 1486 sancto
1060 1439 1297 1499 ejiciuntur
1313 1439 1549 1497 daemonia,

165 1510 287 1574 quod
313 1521 353 1557 et
374 1511 446 1558 ille
469 1521 641 1574 poterat
674 1512 752 1574 qui
785 1522 876 1557 erat
907 1521 1022 1556 extra
1063 1510 1301 1555 Ecclesiam
1322 1546 1333 1566 ‚
1365 1509 1420 1555 de
1462 1527 1548 1573 quo

168 1581 383 1645 Discipuli
415 1582 605 1630 Domino
641 1593 942 1642 suggesserunt
962 1581 995 1628 Δ.
1044 1581 1167 1631 Sicut
1202 1580 1369 1629 habent
1402 1581 1547 1638 avari,

166 1653 243 1716 qui
260 1663 500 1699 tamennon
517 1664 617 1700 sunt
636 1652 849 1716 templum
863 1653 971 1699 Dei5
988 1670 998 1698 z
1017 1673 1037 1694 (ι
1053 1651 1275 1709 Quoniam
1292 1668 1392 1715 quae
1413 1653 1549 1698 socie-

166 1744 187 1765 »
207 1734 267 1768 tas
282 1723 454 1787 templo'
468 1724 547 1769 Dei
566 1741 667 1770 cum
685 1723 813 1770 idolis
829 1727 878 1770 ἓ»
898 1724 945 1769 Si
969 1734 1113 1769 autem
1138 1739 1228 1767 non
1250 1722 1419 1767 habent
1433 1723 1551 1770 avari

167 1793 382 1856 Spiritum
398 1795 495 1849 Dei,
517 1804 559 1839 et
579 1805 723 1841 tamen
740 1794 910 1841 habent
926 1794 1145 1858 baptisma
1163 1830 1174 1850 ‚
1198 1803 1340 1856 potest
1355 1809 1442 1840 esse
1459 1793 1550 1840 sine

169 1864 339 1927 Spiritu
361 1865 596 1928 baptisma.

230 1936 409 1984 XXXV.
452 1958 472 1977 α
490 1936 537 1982 Si
561 1947 792 2000 propterea
814 1937 925 1983 filios
951 1937 1041 1982 Deo
1071 1952 1270 1997 generare
1292 1952 1383 1982 non
1405 1945 1550 1999 potest

164 2007 341 2053 haeresis
371 2024 451 2070 per
487 2007 713 2054 Christum
733 2044 744 2064 ,
775 2007 877 2071 quia
906 2007 1073 2053 Christi
1101 2024 1259 2070 sponsa
1293 2023 1382 2052 non
1408 2016 1470 2051 est
1490 2043 1503 2062 ,
1526 2028 1547 2048 ‚2

164 2095 244 2124 nec
264 2077 395 2124 turba
416 2077 490 2124 illa
504 2078 719 2124 malorum
736 2078 852 2124 intus
877 2079 1215 2124 constitutorum
1240 2087 1411 2141 potest3
1446 2075 1549 2140 quia

166 2159 209 2193 et
224 2147 320 2211 ipsa
337 2148 504 2193 Christi
521 2165 677 2211 sponsa
703 2165 793 2194 non
811 2158 873 2194 est
891 2149 923 2194 6.
950 2149 1212 2207 Designatur
1235 2148 1351 2193 enim
1378 2145 1551 2191 Christi

165 2236 327 2283 sponsa
350 2219 439 2264 sine
459 2219 632 2265 macula
649 2230 692 2265 et
714 2219 855 2280 ruga7.
875 2221 990 2279 Ergo
1017 2230 1091 2264 aut
1115 2237 1206 2265 non
1229 2236 1376 2264 omnes
1395 2217 1550 2281 bapti-

165 2291 249 2336 zati
269 2289 349 2336 filii
369 2300 469 2336 sunt
484 2291 588 2347 Dei,
619 2301 693 2336 aut
712 2301 855 2354 potest
875 2301 915 2336 et
934 2307 1023 2335 non
1041 2306 1198 2353 sponsa
1216 2305 1416 2349 generare
1436 2287 1549 2334 filios

173 2361 269 2410 Dei.
295 2361 420 2408 Sicut
437 2372 579 2409 autem
598 2362 830 2427 quaeritur,
854 2382 873 2402 c<
892 2361 1048 2406 Utrum
1066 2359 1316 2425 spiritaliter
1332 2369 1457 2405 natus
1474 2358 1544 2414 sit,

215 2453 227 2476 ¹
253 2453 358 2486 Galat.
379 2465 434 2493 111,
463 2464 521 2494 27.
539 2471 584 2478 —
601 2451 617 2476 2
641 2464 658 2484 2
674 2452 934 2492 Cor.v1‚16.—
947 2448 960 2473 3
981 2462 991 2481 1
1015 2453 1200 2493 Reg.xvx11‚
1224 2462 1272 2484 to.
1289 2470 1333 2475 —-
1348 2447 1362 2473 ⁴
1379 2453 1481 2485 Marc.
1499 2460 1546 2489 xx,

176 2502 323 2561 317.-ἓ-5.
348 2518 367 2556 2¹
383 2502 456 2547 (Σοὶ.
473 2519 518 2549 vx,
539 2508 595 2541 16.
610 2525 654 2533 —
672 2504 817 2550 ⁶Ephes.
837 2517 869 2549 v,
894 2516 946 2546 27.
962 2524 1005 2531 —-
1025 2503 1037 2528 ⁷
1054 2517 1072 2536 2
1088 2507 1176 2538 Retr.
1196 2507 1247 2537 18.
