1894 3154
579 369 633 398 DE
668 368 924 409 TRINITATE,
963 371 1050 401 LIB.
1091 346 1182 404 inv.
1296 419 1300 424 ι
1524 379 1576 425 ¹9

213 432 391 491 dicitur,
432 427 634 478 nonnihil
658 432 748 479 dici
776 433 948 481 videtur
968 453 979 481 ι
997 436 1166 494 Justitia
1200 455 1302 499 vero
1325 428 1582 499 immortalis

212 513 290 558 est,
311 513 354 548 et
368 503 501 562 magis
519 513 626 570 tunc
640 503 893 566 perficietur
905 504 950 549 in
967 505 1111 562 nobis,
1128 523 1260 570 quam
1279 525 1364 555 esse
1377 503 1574 564 cessabit.

212 575 277 617 De
300 573 503 618 omnibus
542 583 686 618 tamen
722 583 909 636 quatuor
932 592 1112 635 magnus
1136 587 1289 623 auctor
1327 579 1585 644 eloquentiae

212 643 381 689 Tullius
396 644 438 689 in
463 643 695 689 Hortensio
709 643 878 704 dialogo
892 644 1132 708 disputans
1157 667 1176 688 α
1199 647 1245 693 Si
1260 650 1403 715 nobis,
1423 652 1582 717 inquit,

213 730 314 759 cum
336 731 382 760 ex
398 714 483 760 hac
505 715 594 761 vita
612 714 979 774 emigraverimus,
1007 717 1054 762 in
1081 717 1308 766 beatorum
1328 721 1479 769 insulis
1500 725 1588 771 im-

214 785 395 831 mortale
428 802 593 841 aevum,
628 795 676 830 ut
707 785 872 832 fabulae
901 785 1075 842 ferunt,
1117 787 1272 848 degere·
1290 790 1455 849 liceret,
1483 796 1590 858 quid

211 872 320 918 opus
339 866 445 901 esset
462 855 726 918 eloquentia,
748 872 849 901 curn
864 857 1033 915 judicia
1050 857 1169 903 nulla
1186 860 1364 915 fierent;
1392 875 1467 909 aut
1489 865 1594 927 ipsis

214 927 343 971 etiam
366 926 636 971 virtutibus?
668 926 757 971 Nec
791 926 903 971 enim
929 927 1183 972 fortitudine
1208 946 1448 988 egeremus,
1473 935 1593 979 nullo

212 995 437 1058 proposito
464 1005 537 1040 aut
558 995 708 1039 labore
731 1006 806 1040 aut
827 995 1023 1058 periculo
1042 1016 1053 1050 ;
1079 1014 1158 1042 nec
1173 1000 1342 1057 justitia
1361 1017 1460 1047 cum
1488 1015 1594 1049 esset

214 1065 327 1111 nihil
360 1064 479 1128 quod
515 1073 791 1128 appeteretur
838 1065 990 1118 alieni;
1027 1083 1106 1112 nec
1145 1071 1452 1131 temperantia,
1492 1091 1596 1136 quae

211 1146 374 1195 regeret
413 1152 481 1181 eas
516 1151 621 1197 quae
657 1134 791 1180 nullae
817 1146 955 1181 essent
985 1135 1216 1194 libidines,
1257 1156 1335 1185 nec
1361 1142 1594 1204 prudentia

212 1204 390 1267 quidem
410 1221 658 1265 egeremUS,
685 1204 806 1249 nullo
840 1205 1010 1251 delectu
1053 1208 1281 1270 proposito
1315 1210 1533 1275 bonorum
1556 1226 1597 1259 et

211 1275 440 1322 malorum.
468 1275 562 1320 Una
585 1274 716 1333 igitur
741 1292 927 1321 essemus
952 1277 1069 1322 beati
1095 1279 1341 1341 cognitione
1360 1293 1528 1343 naturae
1550 1296 1592 1340 et

215 1345 409 1401 scientia,
433 1361 520 1408 qua
540 1344 628 1390 sola
649 1346 778 1390 etiam
795 1345 975 1391 deorum
994 1358 1056 1392 est
1066 1349 1157 1393 vita
1173 1341 1406 1404 laudanda.
1429 1354 1490 1415 Ex
1503 1371 1590 1417 quo

214 1415 395 1475 intelligi
415 1425 557 1478 potest
581 1425 738 1460 caetera
765 1416 1024 1461 necessitatis
1044 1434 1146 1472 esse,
1172 1435 1308 1464 unum
1332 1420 1418 1467 hoc
1439 1423 1594 1482 volun-

214 1486 312 1531 tatis
326 1486 357 1532 1,
380 1487 476 1530 »Ita
496 1485 566 1530 ille
586 1494 731 1529 tantus
756 1484 933 1539 Orator,
960 1503 1061 1531 cum
1082 1487 1413 1552 philosophiam
1425 1494 1593 1555 praedi-

212 1566 345 1611 caret,
378 1555 565 1600 recolens
585 1571 633 1599 ea
662 1570 760 1616 quae
783 1572 804 1598 a
827 1555 1106 1619 philosophis
1142 1571 1383 1621 acceperat,
1408 1573 1450 1607 et
1468 1580 1591 1625 prae-

213 1625 326 1670 clare
361 1642 411 1670 ac
435 1624 622 1669 suaviter
644 1624 889 1686 explicans,
934 1625 978 1669 in
1015 1626 1098 1686 hac
1131 1637 1302 1674 tantum
1328 1632 1591 1695 vitm-quam

210 1695 407 1741 videmus
427 1693 648 1738 aeruminis
678 1704 720 1739 et
754 1694 972 1739 erroribus
993 1695 1192 1757 plenam,
1231 1715 1376 1759 omnes
1403 1713 1591 1764 quatuor

211 1764 466 1810 necessarias
505 1763 611 1808 dixit
634 1780 720 1807 esse
742 1764 947 1809 virtutes:
971 1765 1136 1810 nullam
1166 1783 1268 1812 vero
1293 1786 1459 1827 earum,
1489 1790 1590 1818 cum

211 1851 257 1879 ex
278 1835 363 1879 hae
384 1834 473 1879 vita
487 1832 855 1892 emigraverimus,
870 1834 903 1878 si
932 1834 1059 1880 liceat
1083 1836 1148 1881 ibi
1169 1837 1310 1884 vivere
1338 1840 1413 1886 ubi
1425 1842 1596 1903 vivitur.-

210 1905 363 1957 beate;
391 1903 462 1948 sed
486 1904 623 1948 bonos
660 1902 825 1948 animos
859 1903 947 1949 sola
972 1904 1120 1951 beatos
1156 1924 1242 1952 esse
1266 1910 1509 1970 cognitione
1547 1924 1588 1959 et

211 1973 405 2026 scientia,
422 1973 510 2018 hoc
525 1983 605 2028 est,
635 1972 1004 2035 contemplatione
1022 1985 1189 2022 naturae
1207 1980 1415 2040 quanihil
1438 1983 1588 2029 melius

210 2055 251 2090 et
279 2043 507 2089 amabilius
531 2060 541 2087 ι
569 2059 617 2086 ea
635 2052 697 2087 est
716 2051 870 2087 natura
892 2060 991 2106 quae
1012 2045 1174 2090 creavit
1203 2064 1348 2094 omnes
1386 2062 1580 2110 caeteras,

209 2114 481 2177 instituitque
496 2123 682 2159 naturas.
711 2112 794 2158 Cui
808 2113 969 2172 regenti
990 2131 1077 2160 esse
1093 2115 1339 2174 subditum,
1358 2122 1391 2166 si
1404 2125 1584 2181 Justitiae

209 2195 288 2239 est,
311 2183 567 2229 immortalis
583 2193 643 2227 est
663 2182 839 2227 omnino
855 2183 1024 2242 justitia
1045 2201 1054 2228 :
1086 2201 1165 2230 nec
1183 2186 1229 2231 in
1252 2187 1325 2234 illa
1343 2207 1429 2238 esse
1445 2193 1583 2241 beati-

210 2255 360 2300 tudine
384 2253 566 2305 desinet,
591 2251 663 2297 sed
703 2251 799 2297 talis
837 2269 886 2297 ac
918 2264 1035 2298 tanta
1060 2254 1163 2311 erit,
1202 2266 1249 2302 ut
1289 2261 1520 2322 perfectior
1543 2280 1584 2315 et

210 2329 346 2384 major
369 2340 454 2368 esse
472 2340 560 2367 non
586 2322 733 2384 possit.
760 2323 966 2387 Fortassis
982 2334 1023 2368 et
1043 2324 1138 2370 aliae
1155 2335 1235 2390 tres
1251 2329 1446 2391 virtutes,
1468 2354 1582 2399 pru..

211 2394 355 2440 dentia
375 2394 463 2438 sine
486 2391 573 2437 ullo
590 2395 683 2451 jam
713 2391 909 2455 periculo
929 2393 1105 2450 erroris,
1135 2395 1346 2445 fortitudo
1370 2404 1459 2450 sine
1482 2425 1581 2454 mo-

210 2463 329 2509 lestia
346 2461 666 2508 tolerandorum
690 2461 921 2521 malorum,
946 2467 1230 2526 temperantia
1248 2469 1338 2515 sine
1360 2467 1582 2537 repugna-

209 2535 322 2579 tione
344 2533 596 2597 libidinum,
620 2542 746 2576 erunt
770 2532 813 2576 in
836 2531 908 2577 illa
927 2532 1130 2580 felicitate
1152 2554 1162 2580 ε
1185 2548 1234 2600 ut
1254 2541 1504 2601 prudentiae
1525 2552 1579 2596 sit

208 2604 380 2650 nullum
392 2604 561 2648 bonum
575 2603 662 2646 Deo
682 2618 938 2665 praeponere
957 2603 1024 2650 vel
1045 2608 1233 2668 aequare,
1254 2609 1521 2664 fortitudinis
1539 2621 1577 2666 ei

258 2687 268 2709 ¹
283 2689 330 2718 Ex
344 2684 505 2719 Ciceronis
517 2683 699 2716 Hortensio.

1409 2762 1450 2794 2.
