1894 3154
644 294 700 324 DE
734 293 989 337 TleTA'rE,
1028 297 1115 327 Lm.
1157 299 1229 328 xv.
1569 288 1630 342 45

260 359 386 405 beata
403 358 566 404 miseris
584 359 854 422 praeferenda
871 361 1107 407 videamus.
1136 362 1199 407 Ac
1221 379 1301 425 per
1319 363 1406 409 hoe
1426 366 1633 427 quoniam

261 429 390 473 rebus
426 429 576 474 creatis
609 429 855 475 Creatorem
885 431 973 476 sine
1005 431 1276 477 dubitatione
1306 434 1631 495 praeponimus,

261 509 432 561 oportet
451 509 497 544 ut
522 516 621 544 eum
644 510 684 545 et
701 517 866 546 summe
883 501 1025 547 vivere
1043 538 1053 556 ,
1081 513 1123 546 et
1145 512 1304 547 cuncta
1326 503 1479 548 sentire
1509 514 1636 567 atque

259 568 493 629 intelligere
510 607 520 626 ‚
546 580 588 615 et
605 571 713 615 mori
730 608 740 625 ‚
765 573 988 634 corrumpi
1004 609 1014 627 ‚
1035 573 1281 636 mutarique
1295 590 1381 618 non
1399 591 1538 636 posse,
1558 592 1635 620 nec

261 656 421 702 corpus
439 658 525 686 esse
541 677 551 696 ‚
573 640 641 686 sed
661 642 860 704 spiritum
878 643 1071 688 omniurn
1089 643 1435 706 potentissimum
1452 681 1462 699 ,
1482 645 1635 704 justis-

260 709 443 767 simum,
485 712 870 775 speciosissimum,
906 714 1146 776 optimum,
1179 713 1472 760 beatissimum
1500 715 1637 761 fatea—

261 797 371 827 mur.

261 868 289 896 v
327 851 424 898 VII.
467 852 552 897 Sed
587 853 684 899 haec
716 855 859 900 omnia
888 871 988 917 quae
1020 854 1134 907 dixi,
1171 865 1213 899 et
1236 871 1526 917 quaecumque
1550 855 1635 901 alia

261 920 390 965 simili
411 939 530 967 more
549 922 778 968 locutionis
801 924 1009 968 humanae
1026 923 1155 982 digne
1171 922 1225 967 de
1251 925 1342 968 Deo
1366 923 1455 969 dici
1478 923 1635 969 viden—

262 1001 356 1047 tur,
385 1001 425 1036 et
453 991 662 1037 universae
683 992 886 1038 Trinitati
911 1009 1010 1055 quae
1031 1004 1094 1037 est
1121 1009 1233 1037 unus
1254 994 1393 1048 Deus,
1425 1004 1466 1038 et
1485 1010 1637 1056 perso-

262 1060 327 1105 nis
353 1060 527 1120 singulis
562 1061 607 1106 in
633 1062 781 1107 eadem
810 1062 1022 1108 Trinitate
1059 1062 1339 1109 conveniunt.
1384 1063 1493 1118 Quis
1515 1063 1635 1108 enim

262 1131 329 1177 vel
349 1148 485 1176 unum
509 1133 648 1176 Deum
664 1169 673 1187 ‚
700 1133 820 1196 quod
836 1144 897 1178 est
914 1134 1005 1196 ipsa
1028 1132 1217 1178 Trinitas
1233 1170 1243 1188 ,
1263 1133 1330 1178 vel
1354 1137 1519 1179 Patrem
1537 1170 1548 1190 ,
1569 1134 1637 1180 vel

263 1201 420 1246 Filium
439 1238 449 1256 ,-
481 1201 547 1246 vel
572 1202 786 1264 Spiritum
817 1213 1038 1254 sanctum,
1072 1202 1226 1247 audeat
1250 1202 1418 1259 dicere,
1449 1214 1523 1248 aut
1545 1220 1634 1248 non

263 1271 476 1316 viventem
495 1307 506 1326 ,
531 1281 604 1315 aut
637 1272 749 1317 nihil
772 1273 1021 1317 sentientem
1044 1272 1110 1317 vel
1133 1271 1440 1331 intelligentem
1455 1309 1464 1327 ‚
1494 1283 1568 1318 aut
1587 1272 1633 1318 in

260 1360 306 1387 ea
325 1352 480 1387 natura
505 1359 591 1404 qua
616 1343 728 1388 inter
752 1360 793 1388 se
816 1343 1116 1407 praedicantur
1133 1342 1317 1406 aequales
1334 1380 1345 1399 ,
1367 1360 1629 1406 quemquam

259 1429 344 1458 esse
361 1428 510 1457 eorum
528 1412 754 1458 mortalem
775 1413 861 1459 sive
878 1412 1208 1475 corruptibilem
1225 1449 1236 1468 ,
1255 1413 1342 1458 sive
1360 1413 1633 1470 mutabilem,

261 1481 348 1528 sive
363 1498 619 1544 corporeum
639 1501 649 1536 ;
671 1493 744 1527 aut
757 1483 987 1546 quisquam
1007 1482 1071 1527 ibi
1088 1492 1211 1541 neget
1229 1482 1412 1545 aliquem
1431 1483 1636 1546 potentis-

263 1552 440 1607 simum,
458 1552 741 1611 justissimum
756 1590 766 1606 ‚
790 1553 1151 1616 speciosissimum
1169 1589 1180 1608 ,
1204 1553 1421 1615 optimum
1436 1590 1446 1609 ‚
1471 1554 1633 1599 beatis-

263 1622 450 1667 simum?
481 1623 526 1667 Si
553 1640 652 1682 ergo
686 1623 783 1668 haec
819 1633 948 1686 atque
980 1622 1237 1682 hujusmodi
1270 1624 1438 1677 omnia,
1471 1634 1512 1668 et
1543 1624 1638 1686 ipsa

264 1691 452 1736 Trinitas
470 1728 480 1746 ,
506 1702 546 1736 et
566 1692 611 1736 in
637 1709 684 1737 ea
704 1692 859 1752 singuli
883 1692 970 1737 dici
991 1702 1194 1755 possunt,
1221 1692 1298 1736 ubi
1318 1702 1391 1737 aut
1415 1692 1636 1754 quomodo

266 1761 454 1806 Trinitas
468 1762 1010 1824 apparebitlssecliganius
1030 1762 1176 1824 itaque
1191 1761 1313 1823 prius
1330 1761 1428 1806 hate
1447 1762 1638 1823 plurima

267 1830 321 1875 ad
347 1830 532 1893 aliquam
551 1831 832 1893 paucitatem.
864 1832 976 1886 Quae
999 1831 1087 1876 vita
1115 1830 1227 1875 enim
1252 1830 1414 1875 dicitur
1442 1830 1487 1875 in
1518 1832 1633 1887 Deo,

265 1901 358 1963 ipsa
384 1911 445 1945 est
467 1901 642 1946 essentia
663 1905 697 1961 ej
707 1918 753 1946 us
772 1912 901 1964 atque
917 1912 1085 1947 natura.
1114 1901 1211 1945 Non
1237 1900 1382 1962 itaque
1403 1901 1518 1945 Deus
1535 1900 1642 1946 vivit

266 1970 348 2015 nisi
370 1970 458 2015 vita
474 1970 596 2034 quod
618 1971 710 2033 ipse
734 1971 815 2016 sibi
839 1981 913 2017 est.
944 1971 1053 2016 Haec
1074 1981 1218 2015 autem
1246 1970 1336 2015 vita
1359 1987 1446 2014 non
1471 1969 1567 2015 talis
1582 1980 1644 2015 est

268 2041 409 2105 qualis
426 2041 535 2086 inest
555 2042 725 2098 arbori,
758 2043 835 2087 ubi
857 2042 1003 2088 nullus
1033 2052 1095 2086 cst
1116 2041 1360 2086 intellectus
1379 2078 1389 2097 ‚
1411 2040 1555 2085 nullus
1581 2051 1644 2086 est

269 2128 427 2158 sensus
467 2112 558 2157 Nec
592 2111 686 2157 talis
722 2112 862 2175 qualis
893 2112 1001 2157 inest
1029 2111 1177 2174 pecori
1212 2128 1221 2155 :
1260 2110 1397 2155 habet
1422 2111 1534 2154 enim
1556 2111 1645 2155 vita

271 2182 436 2245 pecoris
459 2198 628 2227 sensum
652 2183 1073 2246 quinque-pertitam
1091 2219 1100 2237 ‚
1123 2180 1195 2226 sed
1219 2179 1485 2225 intellectum
1508 2179 1644 2225 habet

271 2252 441 2297 nullum
463 2269 473 2296 :
499 2262 541 2297 at
559 2252 632 2297 illa
649 2253 739 2298 vita
755 2270 855 2316 quae
875 2255 991 2298 Deus
1022 2263 1106 2307 est,
1133 2251 1260 2296 sentit
1293 2261 1421 2313 atque
1444 2250 1644 2310 intelligit

273 2322 445 2376 omnia3
477 2333 519 2367 et
548 2322 675 2368 sentit
705 2334 847 2368 mente
879 2340 966 2368 non
995 2338 1205 2384 corpore,
1238 2320 1341 2383 quia
1374 2320 1550 2383 spiritus
1585 2331 1647 2366 est

275 2391 433 2439 Deus1.
477 2393 574 2438 Non
595 2403 739 2438 autem
758 2393 870 2439 sicut
895 2392 1096 2438 animalia
1113 2408 1212 2454 quae
1234 2390 1403 2436 habent
1429 2407 1615 2453 corpora
1634 2429 1646 2445 ,

274 2480 353 2526 per
376 2478 536 2526 corpus
573 2463 701 2508 sentit
739 2465 855 2509 Deus
880 2481 891 2507 ι
915 2479 1003 2508 11011
1027 2462 1141 2507 enim
1166 2479 1214 2507 ex
1242 2461 1382 2506 anima
1418 2471 1586 2506 constat
1609 2472 1651 2507 et

278 2550 488 2597 corpore:
516 2550 565 2578 ae
596 2550 674 2595 per
701 2533 787 2578 hoc
825 2533 1002 2596 simplex
1029 2532 1103 2578 illa
1131 2543 1286 2578 natura
1313 2531 1424 2577 sicut
1453 2531 1652 2592 intelligit

326 2616 582 2654 ¹Joan.1v‚24.
