1894 3154
621 282 677 313 DE
712 280 965 323 TRINITATE,
1002 282 1090 312 Llss.
1126 283 1217 314 XIV.
1549 288 1601 335 17

234 346 399 393 invenit
413 345 532 411 quod
548 347 757 410 aspiceret
788 346 1046 402 intellectus,
1073 347 1185 393 sicut
1202 349 1396 410 corporis
1416 351 1568 396 oculus
1589 369 1599 395 :

235 433 314 462 nec
344 417 421 462 ista
447 416 551 473 duo,
590 416 708 462 velut
732 415 916 463 formam
936 417 1149 478 corporis,
1183 428 1225 462 et
1252 434 1345 462 eam
1374 435 1472 480 quae
1505 419 1607 464 inde

232 486 346 532 facta
368 497 429 532 est
460 487 506 532 in
535 487 624 532 acie
663 487 907 532 contuentis
924 522 934 541 ,
969 486 1167 531 voluntas
1188 485 1292 532 foris
1319 489 1463 546 junxit
1487 507 1497 533 ε
1525 505 1604 533 nec

232 556 461 617 imaginem
481 557 542 603 rei
564 574 662 620 quae
685 556 787 602 foris
810 557 897 601 visa
922 566 983 601 cst
1003 556 1194 618 quodam
1217 557 1347 602 modo
1369 569 1540 620 raptam
1567 570 1608 603 et

232 625 279 670 in
303 627 509 672 memoria
528 626 797 672 reconditam
818 625 1021 685 cogitatio
1046 643 1146 670 cum
1187 627 1241 672 ad
1266 644 1358 672 eam
1378 638 1606 673 converte-

232 706 367 749 retur,
389 697 570 753 invenit,
611 707 652 742 et
683 696 784 741 inde
801 695 1012 740 formatus
1033 706 1095 740 est
1117 696 1383 742 recordantis
1405 698 1603 754 obtutus,

226 770 436 826 J'ungente
468 777 703 830 utrumque
730 765 853 811 tertia
877 764 1127 811 voluntate:
1182 767 1293 812 sicut
1313 767 1358 811 in
1382 768 1440 812 eis
1460 778 1608 813 osten-

233 835 443 882 debamus
480 837 750 882 trinitatibus
785 835 904 888 fieri,
940 852 1040 898 quae
1071 836 1114 879 in
1146 836 1274 880 rebus
1305 838 1608 899 corporalibus

232 907 576 969 reperiebantur,
599 906 665 953 vel
690 924 736 952 ex
755 905 1018 968 corporibus
1037 921 1115 966 per
1133 921 1304 950 sensum
1323 907 1518 968 corporis
1537 908 1609 952 in-

232 987 393 1021 trorsus
417 976 609 1039 quodam
636 975 768 1020 modo
794 974 1110 1026 trahebantur;
1136 973 1188 1018 de
1211 975 1371 1036 quibus
1403 976 1608 1021 omnibus

231 1046 276 1091 in
300 1046 414 1091 libro
437 1045 669 1091 undecimo
709 1043 986 1089 disseruimus
1015 1059 1027 1087 :
1050 1059 1128 1087 nec
1152 1043 1263 1088 sicut
1283 1044 1415 1089 fiebat
1437 1045 1502 1090 vel
1527 1064 1610 1109 ap-

230 1116 430 1179 parebat,
457 1115 631 1178 quando
674 1113 728 1159 de
769 1113 843 1158 illa
878 1113 1056 1158 scientia
1095 1112 1426 1169 disserebamus,
1449 1115 1609 1173 jamin

230 1185 419 1230 hominis
436 1185 648 1231 interioris
669 1183 874 1246 operibus
910 1182 1158 1235 constituta,
1181 1199 1280 1245 quae
1306 1183 1609 1243 distinguenda

230 1255 314 1300 fuit
334 1273 355 1300 a
371 1255 607 1318 sapientia3
629 1253 744 1300 unde
765 1270 865 1316 quae
887 1252 1100 1306 sciuntur,
1122 1252 1241 1296 velut
1263 1253 1494 1299 adventitia
1511 1265 1611 1299 sunt

229 1325 275 1370 in
298 1325 461 1381 animo,
489 1326 574 1372 sive
594 1324 838 1384 cognitione
855 1323 1066 1367 historica
1087 1321 1226 1378 illata,
1247 1333 1295 1367 ut
1311 1334 1412 1368 sunt
1434 1323 1546 1368 facta
1568 1336 1609 1369 et

231 1395 367 1452 dicta,
381 1413 482 1460 quae
500 1407 696 1459 tempore
713 1404 980 1458 peragantur
997 1404 1038 1439 et
1050 1404 1291 1448 transeunt,
1313 1394 1378 1438 vel
1398 1395 1441 1439 in
1456 1405 1610 1439 natura

230 1483 374 1511 rerum
395 1466 480 1511 suis
501 1465 608 1511 locis
630 1475 672 1510 et
689 1464 937 1524 regionibus
952 1463 1187 1508 constituta
1208 1474 1324 1518 sunt,
1348 1464 1434 1508 sive
1459 1465 1502 1508 in
1517 1465 1611 1527 ipso

229 1535 406 1582 homine
425 1552 524 1599 quae
547 1552 635 1581 non
658 1544 778 1579 erant
798 1533 1018 1588 oriuntur,
1046 1542 1120 1577 aut
1148 1532 1238 1577 aliis
1262 1532 1520 1578 docentibus
1539 1545 1610 1578 aut

231 1606 567 1666 cogitationibus
590 1605 798 1668 propriis,
824 1604 936 1648 sicut
963 1603 1086 1658 fides,
1122 1619 1254 1665 quam
1289 1603 1529 1665 plurimum
1564 1605 1609 1648 in

229 1675 344 1720 libro
366 1674 691 1720 tertio-decimo
715 1672 1119 1718 commendavimus
1138 1689 1147 1716 ε
1171 1672 1282 1716 sicut
1295 1672 1493 1727 virtutes,
1514 1674 1610 1735 qui-

229 1744 330 1801 bus,
355 1744 389 1789 si
405 1761 518 1790 verae
539 1753 655 1799 sunt,
689 1743 732 1788 in
762 1743 847 1787 hac
870 1741 1130 1786 mortalitate
1153 1741 1250 1786 ideo
1290 1741 1402 1785 bene
1424 1742 1603 1797 vivitur,

230 1825 278 1860 ut
301 1815 425 1860 beate
448 1814 494 1859 in
514 1814 588 1859 illa
621 1829 720 1876 quae
748 1812 957 1857 divinitus
981 1811 1255 1874 promittitur
1281 1811 1605 1856 immortalitate

228 1884 414 1929 vivatur.
438 1884 546 1929 Haec
565 1893 693 1946 atque
711 1880 967 1941 hujusmodi
985 1881 1152 1926 habent
1183 1881 1228 1926 in
1254 1891 1450 1943 tempore
1486 1881 1610 1926 ordi-

228 1971 325 1999 nem
346 1971 472 1999 suum
496 1955 540 1998 in
558 1969 646 2017 quo
663 1952 789 1998 nobis
809 1951 976 1996 trinitas
993 1951 1212 1996 memoriae
1232 1950 1407 1996 visionis
1431 1960 1473 1995 et
1494 1968 1610 1996 amo-

228 2024 285 2069 ris
310 2023 479 2069 facilius
505 2023 759 2086 apparebat.
792 2023 905 2067 Nam
924 2020 1128 2084 quaedam
1152 2037 1304 2066 eorum
1328 2021 1609 2082 praeveniunt

229 2093 520 2153 cognitionem
537 2091 809 2152 discentium.
833 2091 945 2135 Sunt
968 2090 1081 2135 enim
1096 2089 1425 2151 cognoscibilia,
1444 2100 1611 2135 ctante·

229 2179 361 2225 quam
391 2172 727 2221 cognoscantur,
773 2160 923 2223 suique
953 2159 1242 2219 cognitionem
1274 2159 1320 2203 in
1344 2158 1611 2205 discentibus

229 2233 428 2292 gignunt.
464 2232 576 2277 Sunt
613 2242 757 2277 autem
784 2230 852 2276 vel
886 2230 930 2275 in
949 2229 1055 2275 locis
1076 2230 1178 2285 suis,
1204 2228 1269 2274 vel
1291 2245 1391 2291 quae
1417 2239 1611 2292 tempore

226 2302 556 2365 praeterierunt:
584 2301 781 2364 quamvis
804 2316 905 2362 quae
940 2299 1261 2362 praeterierunt,
1282 2314 1369 2343 non
1388 2297 1480 2360 ipsa
1502 2299 1604 2355 sint,

229 2371 302 2416 scd
317 2388 465 2416 eorum
485 2371 690 2435 quaedam
713 2371 832 2430 signa
849 2369 1190 2432 praeteritorum,
1222 2368 1383 2431 quibus
1411 2367 1512 2412 visis
1543 2369 1609 2415 vel

229 2440 386 2486 auditis
418 2444 734 2501 cognoscantur
755 2440 884 2485 fuisse
919 2450 1048 2502 atque
1086 2438 1298 2484 transisse.
1342 2437 1453 2493 Quae
1490 2437 1610 2497 signa

227 2510 297 2557 vel
311 2511 358 2556 in
379 2511 485 2556 locis
504 2512 584 2556 sita
621 2522 737 2567 sunt,
770 2510 884 2555 sicut
919 2518 1199 2554 monumenta
1223 2518 1495 2553 mortuorum
1512 2545 1523 2564 ,
1568 2520 1611 2553 et

227 2575 515 2644 quaecumque
538 2580 725 2627 similia:
763 2579 831 2627 vel
856 2580 902 2625 in
932 2579 1084 2626 litteris
1120 2578 1206 2625 fide
1237 2577 1394 2637 dignis,
1418 2577 1608 2623 sicutest

391 2667 608 2698 cxxxvm.
1453 2661 1477 2689 ‘2
