1894 3154
421 304 611 334 PsALnus
647 302 818 333 CONTRA
850 303 1022 334 marm
1057 303 1238 337 DONATJ.
1440 294 1523 340 115
1557 290 1562 295 ’

158 369 321 432 Lapsos
344 367 583 413 sacerdotes
605 376 765 412 vestros
785 366 944 430 pellitis
963 385 985 412 a
1011 369 1316 416 communione
1339 390 1349 416 ε

162 441 216 483 Et
233 456 357 484 nemo
381 449 523 483 tamen
542 448 639 501 post
660 437 754 483 illos
773 455 898 483 ausus
921 448 982 483 est
1003 438 1297 502 rebaptizare3

160 510 216 553 Et
237 524 531 570 quoscumque
554 507 857 570 baptizarunt,
885 508 1010 553 vobis
1026 511 1352 559 communicant
1373 514 1518 563 hodie.

160 578 279 634 Quid
305 578 359 623 ab
378 577 430 623 iis
452 589 715 641 acceperunt
732 615 743 633 ‚
770 579 804 623 si
820 595 906 624 non
925 578 1150 624 habebant
1171 581 1279 643 quid
1307 582 1440 631 dare?

159 648 306 707 Legite
327 647 546 710 quomodo
571 648 753 694 adulteri
774 650 1016 712 puniantur
1033 648 1078 693 in
1098 661 1243 696 sancta
1268 653 1372 714 lege.

161 718 258 762 Non
274 717 388 762 enim
405 717 546 762 dicere
565 729 763 781 possunt
786 718 907 797 quod
928 731 1166 781 peccarunt
1184 738 1207 766 3
1226 723 1391 772 timore.

163 788 204 832 Si
227 786 361 832 sancti
381 787 459 832 soli
476 787 716 850 baptizant,
740 799 838 852 post
855 790 955 834 istos
975 789 1252 870 rebaptizate:

163 857 283 914 Quid
306 857 632 903 calumniamini
651 859 792 913 nobis,
816 859 917 921 quia
941 875 1089 904 sumus
1108 860 1152 905 in
1172 862 1359 921 unitate,

165 929 251 984 Oui
271 927 463 973 nondum
484 945 651 973 eramus
667 930 758 974 nati
781 929 826 973 in
846 929 919 973 illa
940 930 1268 991 persecutione?

165 998 388 1062 Scriptum
411 1009 499 1054 est,
526 1010 705 1061 peccata
731 1010 902 1062 patrum
930 999 984 1044 ad
1010 1000 1121 1045 filios
1146 1018 1231 1047 non
1264 1007 1522 1067 pertinere1.

164 1068 246 1114 Sed
267 1085 391 1114 nemo
416 1068 491 1114 dat
508 1068 700 1114 fructum
726 1069 893 1115 bonum
909 1106 919 1125 ,
946 1069 980 1114 si
1006 1071 1213 1132 praecisus
1235 1086 1297 1120 est
1317 1076 1370 1122 de
1394 1079 1480 1125 vite
1493 1080 1526 1129 2.

295 1166 450 1224 Repet.
478 1162 640 1207 Omnes
663 1162 737 1224 qui
763 1162 983 1222 gaudetis,
1008 1175 1090 1210 ece.

167 1258 308 1303 Scrrss
327 1256 556 1302 Catholica
572 1256 679 1319 quid
696 1257 766 1311 sit,
790 1267 831 1301 et
854 1255 960 1320 quid
980 1257 1033 1301 sit
1051 1259 1283 1319 praecisum
1304 1280 1327 1307 3
1345 1264 1443 1312 vite.

169 1330 213 1374 Si
236 1327 311 1391 qui
330 1337 430 1371 sunt
445 1326 558 1371 inter
575 1343 650 1372 vos
668 1327 783 1371 cauti
801 1364 811 1382 ‚
833 1327 1029 1381 veniant,
1052 1327 1201 1374 vivant
1222 1330 1266 1375 in
1287 1333 1431 1380 radice
1447 1374 1456 1385 ,

169 1400 409 1459 Antequam
437 1397 565 1441 nimis
581 1407 789 1452 arescant‚
804 1400 893 1457 jam
911 1396 1153 1449 liberentur
1170 1400 1225 1444 ab
1244 1401 1353 1460 igue.

170 1468 271 1513 ldeo
295 1484 380 1513 non
407 1467 727 1529 rebaptizamus
743 1505 753 1522 ‚
784 1467 905 1531 quod
925 1484 1059 1512 unum
1085 1468 1253 1528 signum
1274 1483 1333 1517 est
1356 1474 1400 1519 in
1418 1476 1503 1521 fide
1522 1495 1532 1521 :

171 1540 203 1583 N
211 1556 267 1584 on
284 1538 385 1601 quia
400 1554 474 1583 vos
489 1548 658 1583 sanctos
673 1537 884 1593 videmus,
905 1537 976 1582 sed
995 1537 1127 1582 solam
1143 1538 1326 1587 formam
1347 1554 1498 1593 tenere.

171 1608 282 1664 Quia
311 1607 448 1669 ipsam
475 1605 658 1651 formam
680 1607 816 1651 habet
846 1617 1132 1662 sarmentum,
1158 1610 1277 1671 quod
1304 1615 1535 1672 praecisum

235 1687 296 1722 est
319 1676 371 1721 de
403 1676 498 1722 vite.

174 1747 256 1793 Sed
273 1747 381 1811 quid
407 1745 663 1809 illifprodest
687 1746 842 1802 forma,
867 1746 900 1791 si
920 1762 1008 1791 non
1023 1746 1131 1792 vivit
1152 1747 1205 1793 de
1222 1750 1398 1797 radice?

172 1818 346 1873 Venite,
368 1816 535 1872 fratres,
563 1817 597 1861 si
621 1816 749 1862 vultis
772 1827 821 1861 ut
844 1817 1091 1862 inseramini
1117 1818 1161 1862 in
1186 1820 1286 1867 vite.

170 1888 305 1933 Dolor
327 1898 388 1932 est
412 1902 513 1931 cum
538 1903 612 1931 vos
638 1886 836 1931 videmus
858 1888 1061 1949 praecisos
1090 1887 1148 1932 ita
1168 1892 1326 1948 jacere.

171 1959 401 2003 Numerate
425 1956 665 2002 sacerdotes
682 1956 746 2001 vel
770 1957 824 2001 ab
847 1956 940 2019 ipsa
958 1957 1072 2002 Petri
1091 1957 1187 2004 sede
1201 1959 1236 2016 3,

168 2028 223 2073 Et
240 2028 285 2073 in
304 2027 454 2073 ordine
475 2026 554 2071 illo.
579 2037 752 2089 patrum
775 2026 871 2089 quis
889 2026 961 2071 cui
984 2028 1186 2073 successit
1204 2066 1214 2084 ‚
1236 2030 1375 2078 videte
1394 2051 1403 2078 ε

169 2100 266 2162 Ipsa
296 2109 357 2144 est
392 2109 541 2161 petra,
576 2115 708 2161 quam
736 2115 825 2142 non
850 2098 1033 2143 vincunt
1065 2100 1266 2161 superb-ee
1295 2102 1537 2152 inferorum

229 2179 383 2232 portae.

297 2264 455 2321 [ἱερεῖ.
487 2259 648 2303 Omnes
666 2257 739 2320 qui
760 2257 970 2317 gaudetis,
996 2267 1078 2302 etc.

168 2350 302 2393 TAms
325 2346 356 2392 si
371 2345 468 2409 quis
484 2344 538 2390 ad
562 2355 602 2389 te
620 2344 762 2389 veniat
784 2343 936 2406 plenus
954 2343 1171 2389 catholica
1191 2345 1276 2390 fide
1291 2383 1301 2401 ,

168 2418 327 2475 Quales
345 2415 441 2461 illos
458 2425 626 2460 sanctos
648 2414 763 2459 viros
784 2430 930 2459 omnes
947 2413 1076 2458 solem
1085 2431 1130 2459 us
1150 2415 1312 2462 audire.

167 2490 224 2535 Et
241 2488 275 2534 si
297 2487 379 2533 tibi
396 2486 535 2539 dicat,
557 2485 703 2540 frater,
723 2484 830 2548 quid
857 2502 921 2529 me
943 2484 1006 2529 vis
1029 2484 1325 2548 rebaptizare?

215 2573 225 2595 ¹
245 2575 340 2604 Deut.
356 2581 443 2606 xxxv,
466 2570 518 2600 16.
537 2586 583 2591 ——
599 2566 614 2588 2
632 2574 648 2603 4
667 2570 733 2608 Reg
766 2568 878 2602 x1v,6.
901 2585 938 2589 —
959 2564 973 2588 3
990 2567 1148 2598 successio
1171 2568 1391 2612 episcoporum
1414 2574 1443 2605 jn
1461 2577 1534 2608 sede

169 2625 266 2659 Petri,
282 2636 299 2655 v
319 2623 483 2667 epistolam
501 2622 552 2651 53.
570 2620 609 2650 ad
623 2622 829 2652 Generosmn.
852 2632 882 2654 n,
904 2631 933 2651 2.

1359 2677 1401 2722 8.
