1894 3154
268 233 326 265 DE
362 231 584 264 BAPnsMo
618 231 793 263 CONTRA
829 231 1124 272 ΒοΝΑΤιεΤΑε,
1162 232 1248 262 Lm.
1291 232 1354 262 1v.
1424 215 1511 262 331

140 298 236 344 lesti
251 297 368 344 fonte
396 296 629 343 manantia.
662 296 708 342 Si
729 308 870 342 autem
894 296 986 358 ipse
1005 296 1082 359 qui
1110 297 1271 358 accipit
1296 312 1521 360 perversus

142 379 222 424 est,
244 386 324 414 nec
348 383 546 432 perverso
566 366 620 411 ad
635 360 813 411 salutern
829 364 1006 429 prodest
1021 365 1141 428 quod
1162 365 1291 410 datur
1308 385 1320 419 3
1346 376 1386 410 et
1400 382 1522 411 sanc-

139 449 234 485 tum
259 443 405 484 tamen
427 437 473 482 in
499 453 547 482 eo
567 446 798 500 permanet
817 435 937 500 quod
952 436 1185 499 accipitur,
1208 452 1286 481 nec
1315 437 1353 481 ei
1374 436 1408 481 si
1426 453 1519 481 cor-

141 519 287 554 rectus
302 508 432 553 fuerit
457 506 653 552 iteratur.

203 579 326 625 XIX.
353 599 374 619 «
401 577 530 623 Nulla
556 577 704 641 itaque
728 576 1010 642 participatio
1022 588 1081 622 est
1104 575 1282 636 justitiae
1303 586 1344 621 et
1364 574 1524 638 iniqui-

141 669 162 689 »
185 648 264 694 tati
282 648 300 677 1
324 666 335 693 :
356 668 375 690 »
399 664 487 711 non
509 646 647 693 solum
665 664 764 711 quae
780 646 899 703 foris,
924 647 997 693 sed
1015 647 1142 692 etiam
1168 663 1268 710 quae
1306 647 1422 692 intus
1442 656 1516 708 est.

140 739 161 760 c<
186 719 319 765 Novit
336 719 449 764 enim
472 718 683 764 Dominus
698 717 775 781 qui
798 729 898 763 sunt
911 721 1002 778 ejus
1020 718 1057 773 2,
1086 728 1161 762 »et
1178 716 1351 762 recedat
1370 717 1425 762 ab
1446 716 1527 761 ini-

139 788 304 851 quitate
330 787 469 833 omnis
505 788 580 851 qui
603 788 779 833 invocat
816 805 976 833 nomen
1013 787 1205 833 Domini.
1238 786 1369 832 Nulla
1394 786 1523 832 etiam

140 879 160 899 «
184 859 446 904 Communio
481 869 544 904 est
573 858 663 904 luci
688 868 729 904 et
749 854 968 912 tenebri53
1004 875 1091 903 non
1115 857 1253 903 solum
1277 874 1376 920 quae
1401 857 1522 913 foris,

140 949 162 970 >³
181 928 252 975 sed
276 930 404 975 etiam
421 945 520 992 quae
545 929 661 974 intus
681 938 795 975 sunt.
823 929 913 985 Qui
933 929 1045 974 enim
1068 928 1160 973 odit
1181 927 1358 973 fratrem
1377 944 1521 981 suum,

141 1020 162 1041 2>
188 1000 248 1045 ait
268 1001 474 1054 Joannes,
504 999 549 1044 in
574 999 762 1044 tenebris
784 1008 845 1044 est
871 1016 1005 1061 usque
1025 998 1172 1043 adhuc
1194 997 1227 1043 3.
1255 999 1325 1042 »E
1332 1007 1348 1041 t
1376 997 1526 1060 utique

140 1059 204 1115 illi
227 1068 407 1114 oderant
441 1056 650 1123 Paulum,
672 1069 748 1130 qui
769 1068 933 1114 invidia
973 1078 1014 1113 01
1029 1067 1240 1113 malevola
1261 1067 1523 1112 dissensione

141 1139 371 1184 Christum
396 1140 700 1184 annuntiantes
722 1138 759 1194 4,
787 1140 1119 1184 arbitrabantur
1134 1155 1175 1183 se
1197 1137 1523 1182 tiibulationem

142 1210 322 1254 excitare
345 1208 530 1254 vinculis
554 1212 675 1268 ejus:
697 1225 805 1271 quos
832 1216 977 1254 tamen
994 1209 1110 1269 intus
1148 1197 1278 1252 fuisse
1298 1198 1412 1253 idern
1435 1209 1465 1250 (
1465 1223 1496 1269 v
1500 1234 1525 1242 -

141 1280 321 1342 prianus
344 1278 562 1338 intelligit.
587 1299 608 1320 ι(
634 1278 748 1323 Cum
770 1296 869 1338 ergo
890 1296 979 1323 non
997 1296 1076 1342 pos
1060 1278 1165 1322 sint
1189 1277 1381 1321 tenebiae
1414 1259 1521 1321 11111-

140 1349 332 1404 minare,
368 1357 442 1393 aut
476 1348 682 1411 iniquitas
715 1349 982 1408 Justificare,
1020 1370 1039 1389 >2
1066 1347 1178 1392 sicut
1223 1346 1339 1391 idem
1383 1345 1524 1401 (11011,

143 1434 291 1481 quaero
310 1417 685 1480 quemadmodum
708 1418 909 1481 poterant
941 1418 1011 1464 isti
1034 1418 1078 1463 in
1117 1418 1211 1480 ipsa
1234 1417 1352 1461 intus
1374 1415 1529 1461 Εο010-

143 1491 203 1535 sia
221 1490 474 1553 baptizare?
497 1489 661 1545 Quaero
687 1490 1059 1553 quemadmodum
1089 1505 1188 1533 vasa
1212 1487 1305 1543 illa,
1326 1504 1425 1550 quae
1445 1504 1532 1532 non

141 1560 187 1605 in
210 1559 442 1614 honorem,
462 1559 564 1604 sed
553 1576 598 1604 ln
621 1560 931 1605 contumeliam
955 1560 1111 1604 domus
1130 1575 1286 1617 magna
1310 1558 1523 1612 continet,

143 1629 255 1674 intra
270 1630 410 1708 ipsam
432 1628 614 1674 domum
638 1646 842 1689 magnam
857 1631 1026 1692 possint
1046 1627 1370 1674 sanctificandis
1387 1627 1530 1672 homi-

143 1699 273 1745 nibus
294 1699 539 1745 ministrare
565 1700 684 1764 quod
709 1710 904 1745 sanctum
933 1711 1019 1755 est,
1041 1699 1122 1744 nisi
1140 1698 1245 1762 quia
1266 1690 1338 1743 illa
1363 1698 1528 1743 sancti-

145 1775 209 1814 tas
227 1769 484 1815 sacramenti
514 1787 594 1815 nec
622 1770 677 1815 ab
714 1770 952 1815 immundis
976 1769 1115 1833 pollui
1133 1778 1294 1832 potest,
1323 1768 1409 1813 sive
1427 1784 1529 1813 011111

144 1856 222 1903 per
240 1856 310 1884 eos
336 1839 485 1894 datur,
508 1839 595 1885 sive
625 1856 726 1885 cum
752 1831 808 1885 ab
829 1840 886 1885 eis
903 1840 979 1903 qui
996 1838 1126 1884 corde
1146 1847 1187 1897 01
1203 1837 1293 1884 vita
1311 1837 1357 1882 in
1377 1837 1529 1882 melius

144 1924 234 1955 non
250 1918 578 1954 commutantur
591 1909 836 1972 accipitur?
857 1910 921 1954 De
944 1910 1106 1972 quibus
1125 1909 1242 1954 intus
1254 1907 1422 1970 positis,
1440 1907 1532 1969 ipse

147 1978 255 2024 dicit
276 1995 286 2022 ε
306 1999 327 2020 «
347 1977 519 2024 Saeculo
536 1978 681 2023 verbis
702 1978 801 2024 solis
821 1989 863 2024 et
885 1996 973 2024 non
995 1978 1120 2024 factis
1139 1977 1435 2023 renuntiantes
1455 1977 1487 2024 5.
1511 1998 1533 2018 >)

214 2048 314 2095 XX.
364 2048 477 2093 Sunt
517 2065 617 2108 ergo
650 2059 691 2094 et
724 2049 841 2094 intus
865 2053 1054 2094 «Hostes
1095 2048 1176 2094 Dei
1197 2085 1208 2103 ,
1254 2057 1295 2092 01
1343 2056 1534 2110 'quorum

146 2129 328 2183 pectora
352 2117 570 2164 obsederit
601 2119 759 2182 spiritu
791 2119 1071 2164 antichristi:
1121 2129 1164 2163 et
1194 2127 1342 2162 tamen
1382 2127 1537 2176 gerunt

149 2187 362 2254 spiritalia
386 2199 429 2233 et
453 2187 630 2244 divina,
663 2205 763 2252 quae
782 2206 861 2235 nec
891 2189 994 2266 ipsis
1017 2197 1202 2251 possunt
1243 2185 1439 2249 quandiu
1467 2197 1535 2232 ta-

148 2257 207 2304 les
228 2268 330 2303 sunt
350 2257 405 2303 ad
427 2257 609 2303 salutem
631 2258 850 2321 prodesse,
877 2276 956 2304 nec
980 2258 1065 2321 ipsi
1089 2274 1137 2302 ea
1160 2265 1344 2319 possunt
1362 2258 1530 2302 51131111-

148 2327 367 2374 munditia
387 2327 608 2373 maculare
623 2329 656 2376 6.
682 2350 703 2370 »
727 2329 858 2385 Quod
882 2328 1029 2390 itaque
1058 2326 1194 2373 dicit:
1226 2346 1246 2366 α
1264 2318 1385 2371 Ν11111
1407 2326 1464 2371 015
1481 2327 1536 2372 acl

150 2395 333 2459 gratiam
380 2397 713 2444 ecclesiasticam
743 2409 785 2462 01
819 2399 1050 2444 salutarem
1089 2396 1245 2452 licere,
1293 2396 1370 2459 q'u'i
1403 2413 1533 2460 spar-

197 2496 244 2528 ¹2
263 2498 338 2530 Cor.
355 2508 400 2534 vx,
422 2503 476 2534 14.
491 2495 564 2521 ...2
584 2509 603 2529 2
622 2498 707 2531 Tim.
730 2499 765 2536 11,
784 2510 835 2540 19.
851 2514 897 2522 —-
911 2494 925 2519 3
946 2509 959 2528 1
979 2499 1073 2529 Joan.
1093 2506 1134 2536 11,
1151 2506 1184 2536 9.
1198 2512 1242 2519 —
1261 2491 1276 2516 ⁴
1293 2493 1411 2539 Philip.
1429 2508 1453 2532 1,
1473 2497 1527 2531 15,

151 2562 196 2576 —
210 2548 225 2574 5
236 2548 339 2593 Epist.
358 2560 371 2581 1
382 2560 410 2582 1.
427 2549 467 2583 ad
483 2549 641 2587 Clericus.
660 2568 703 2577 —
723 2547 739 2572 ⁶
754 2551 854 2594 Epist.
871 2551 929 2591 73.
947 2549 988 2582 ad
1002 2547 1214 2583 Juliaianum.
