1894 3154
235 271 294 325 46
660 286 695 316 5.
737 284 979 315 AUGusTml
1015 282 1220 314 Emscoel

234 350 387 405 sentit,
411 351 523 396 sicut
541 351 668 396 sentit
682 350 914 409 ‘intelligit3
939 349 1142 411 idemque
1164 363 1308 393 sensus
1326 347 1404 411 qui
1420 347 1609 394 intellec-

238 429 305 464 tus
325 429 388 464 est
409 420 486 467 illi.
520 422 611 466 Nec
633 421 692 467 ita
723 431 770 465 ut
791 418 1026 483 aliquando
1046 435 1131 463 esse
1155 417 1330 463 desistat
1363 429 1435 463 aut
1457 434 1609 482 coepe-

237 488 294 533 rit
319 506 329 533 :
357 489 614 535 immortalis
634 501 695 536 est
711 489 865 535 eniml.
899 490 987 533 ‘hec
1005 488 1162 533 frustra
1182 487 1234 533 de
1250 488 1324 533 illo
1340 487 1508 533 dictum
1524 498 1603 543 est,

239 558 356 621 quod
384 559 499 604 solus
529 560 692 605 habeat
721 558 1090 605 immortaltatem
1125 575 1134 602 :
1172 575 1273 603 nam
1309 558 1611 603 immortalitas

240 636 329 688 ejus
348 647 443 675 vere
458 631 761 676 immortalitas
780 642 841 675 est
856 668 866 686 ‚
889 631 933 675 in
951 634 1076 689 cujus
1097 641 1251 675 natura
1276 629 1393 675 nulla
1409 640 1471 675 est
1489 646 1614 675 com-

242 700 439 744 mutatio.
466 701 564 762 Ipsa
585 711 646 745 cst
664 701 790 745 etiam
807 717 904 745 vera
927 700 1140 745 aeternitas
1156 716 1242 763 qua
1256 710 1316 744 est
1330 697 1615 744 immutabilis

242 767 380 823 Deus,
405 769 493 813 sine
512 770 658 825 initio,
688 770 777 813 sine
801 770 917 821 fine3
945 780 1258 830 consequenter
1280 780 1321 813 et
1343 769 1615 832 incorrupti-

242 837 357 884 bilis.
390 839 485 883 Una
509 857 607 899 ergo
630 840 865 902 eademque
892 856 956 884 res
975 839 1160 895 dicitur,
1190 840 1276 885 sive
1299 839 1471 885 dicatur
1489 851 1617 885 aeter-

241 924 324 952 nus
346 909 458 953 Deus
476 946 486 964 ‚
509 910 595 955 sive
613 909 871 955 immortalis
890 946 900 963 ‚
921 910 1007 955 sive
1027 910 1400 972 incor1·uptibiliS‚
1428 911 1517 955 sive
1539 911 1617 955 im-

243 978 465 1024 mutabilis
486 997 496 1023 :
526 981 714 1042 itemque
737 997 837 1024 cum
862 979 1024 1024 dicitur
1043 1015 1053 1034 ‚
1080 979 1252 1033 vivens,
1286 990 1327 1024 et
1349 980 1614 1040 intelligens,

245 1047 365 1110 quod
397 1060 459 1094 est
488 1051 636 1113 utique
666 1052 834 1113 sapiens
853 1087 863 1105 ,
893 1050 979 1095 hoc
1010 1049 1126 1094 idem
1157 1049 1332 1095 dicitur.
1377 1051 1472 1095 *Non
1504 1051 1618 1096 enim

243 1121 442 1182 percepit
466 1121 722 1183 sapientiam
749 1137 836 1183 qua
861 1131 965 1165 esset
985 1121 1152 1183 sapiens
1168 1156 1178 1173 ‚
1202 1120 1274 1164 sed
1298 1121 1390 1183 ipse
1411 1121 1620 1184 sapientia

247 1198 321 1233 est.
357 1190 411 1233 Et
430 1190 528 1235 haee
548 1191 634 1235 vita
653 1227 663 1245 ‚
687 1189 924 1252 eademque
944 1189 1078 1234 virtus
1096 1190 1183 1234 sive
1201 1190 1396 1252 potentia
1417 1227 1427 1245 ‚
1451 1189 1620 1235 eadem-

247 1273 332 1319 que
352 1260 536 1321 species,
567 1277 652 1323 qua
686 1269 864 1323 potens,
898 1270 1027 1321 atque
1050 1260 1268 1322 speciosus
1292 1260 1466 1307 dicitur.
1502 1259 1622 1316 Quid

247 1327 359 1372 enim
377 1331 596 1391 potentius
612 1341 654 1375 et
667 1329 901 1393 speciosius
915 1330 1143 1392 sapientia,
1155 1351 1174 1370 c<
1194 1331 1305 1386 Quae
1320 1331 1490 1390 attingit
1504 1348 1524 1375 a
1537 1332 1622 1376 fine

247 1417 268 1438 ³>
289 1414 421 1461 usque
440 1400 494 1445 ad
519 1401 646 1446 finem
662 1400 855 1455 sortiter,
879 1410 921 1444 et
940 1400 1134 1462 disponit
1170 1402 1313 1445 onmia
1338 1400 1579 1446 suaviterw
1602 1422 1622 1442 »

246 1466 421 1514 Bonitas
445 1471 592 1526 etiam,
614 1470 951 1534 atquejustitia‚
973 1469 1193 1533 numquid
1212 1471 1324 1516 iuter
1344 1488 1385 1516 se
1406 1472 1450 1516 in
1467 1481 1623 1516 natura

247 1538 354 1594 Dei,
393 1540 505 1586 sicut
535 1542 581 1586 in
604 1545 694 1601 eJ'us
725 1541 931 1604 operibus
952 1540 1143 1597 distant,
1184 1552 1392 1604 tanquam
1424 1541 1524 1586 duae
1548 1541 1622 1586 di·-

245 1624 376 1655 versae
410 1613 495 1656 sint
533 1613 760 1674 qualitates
794 1612 902 1667 Dei,
946 1629 1031 1656 una
1062 1612 1263 1668 bonitas,
1305 1613 1386 1657 alia
1418 1610 1619 1672 justitia?

246 1679 344 1725 Bon
368 1683 519 1746 utique
545 1700 555 1727 :
584 1683 656 1728 scd
675 1699 774 1746 quae
789 1683 955 1741 J'ustitia
974 1683 1066 1745 ipsa
1089 1683 1282 1738 bonitas,
1313 1694 1354 1728 et
1375 1700 1475 1745 quae
1493 1682 1620 1728 boni-

248 1759 306 1795 tas
330 1752 422 1814 ipsa
453 1754 695 1800 beatitudo.
734 1753 1029 1816 Incorporalis
1060 1764 1202 1798 autem
1236 1754 1304 1800 vel
1337 1754 1620 1817 incorporeus

241 1819 340 1865 ideo
365 1821 526 1867 dicitur
562 1825 701 1878 Deus,
733 1833 781 1868 ut
816 1823 993 1885 spiritus
1017 1822 1218 1868 credatur
1252 1824 1321 1869 vel
1354 1824 1618 1884 intelligatur

242 1907 327 1935 esse
349 1908 436 1937 non
457 1910 630 1956 corpus,

307 1960 429 2008 Vlll.
471 1964 661 2009 Proinde
684 1965 718 2009 si
747 1963 968 2019 dicamus,
994 1975 1178 2010 aeternus
1197 2003 1207 2020 ,
1234 1966 1618 2023 im1nortalis‚‚in-

242 2034 561 2096 corruptibilis,
584 2035 871 2080 immutabilis
890 2072 901 2090 ‚
920 2035 1046 2080 vivus
1063 2074 1073 2090 ‚
1102 2037 1271 2099 sapiens
1287 2073 1297 2091 ‚
1323 2046 1495 2099 potens,
1516 2054 1618 2100 spe-

241 2101 380 2148 ciosus
395 2140 405 2157 ‚
425 2107 566 2162 justus
583 2142 594 2161 ᾗ
618 2106 760 2150 bonus
778 2142 788 2160 ‚
814 2106 965 2150 beatus
980 2142 990 2160 ,
1013 2107 1188 2168 spiritus
1208 2144 1217 2161 ‚
1242 2107 1401 2152 horum
1420 2108 1615 2153 omnium

239 2174 520 2220 novissimum
538 2176 655 2239 quod
680 2177 803 2239 posui
827 2176 949 2238 quasi
968 2177 1272 2222 tantummodo
1294 2178 1466 2223 ridetur
1489 2179 1618 2238 signi-

241 2243 371 2289 ficare
394 2246 680 2291 substantiam
698 2284 708 2301 ,
739 2257 893 2292 caetera
914 2263 1014 2291 vcro
1035 2247 1166 2306 hujus
1192 2248 1447 2294 substantiae
1469 2248 1617 2312 quali-

239 2322 345 2359 tates
367 2332 376 2359 :
405 2316 475 2361 sed
501 2334 586 2361 non
611 2318 668 2361 ita
687 2328 746 2362 est
770 2317 814 2361 in
832 2316 903 2361 illa
920 2317 1127 2362 ineffabili
1147 2318 1421 2381 simplicique
1439 2328 1607 2365 natura.

239 2386 469 2448 Quidquid
496 2388 609 2432 enim
645 2388 883 2433 secundum
913 2388 1138 2450 qualitates
1167 2388 1257 2433 illic
1294 2388 1382 2432 dici
1412 2388 1610 2441 videtur,

233 2456 470 2502 secundum
498 2458 783 2503 substantiam
814 2458 883 2504 vel
913 2459 1136 2504 essentiam
1168 2469 1229 2504 est
1260 2458 1604 2518 intelligendum.

231 2524 358 2572 Absit
392 2527 505 2573 enim
539 2539 587 2573 ut
620 2529 798 2592 spiritus
833 2529 1072 2575 secundum
1110 2529 1400 2575 substantiam
1437 2528 1612 2575 dicatur

279 2610 289 2632 ¹
314 2620 326 2640 1
344 2609 428 2644 Tim.
443 2621 490 2649 vx,
512 2611 566 2644 16.
584 2627 629 2634 —
647 2609 663 2632 2
677 2612 749 2654 Sap.
771 2621 846 2650 vm,
866 2623 893 2644 1.
