1894 3154
291 375 348 407 DE
384 364 603 406 BAPTISMO
638 365 814 405 conrssa
848 360 1142 412 boNArrsrAs5
1179 370 1271 404 un.
1312 369 1375 405 vn
1460 358 1550 404 383

180 436 431 505 pastoribus·
469 435 675 486 Ecclesiae
709 436 938 484 catholicae
971 447 1063 483 toto
1095 437 1200 484 orbe
1239 437 1408 485 diffusae
1431 476 1442 497 ‚
1476 440 1554 503 per

182 528 290 575 quos
312 519 462 575 postea
491 509 677 574 plenarii
709 507 885 555 concilii
921 508 1176 554 auctoritate
1201 508 1421 569 originalis
1447 516 1555 555 con-

180 581 362 628 suetudo
386 582 558 628 firmata
585 591 673 635 est3
701 579 830 625 etiam
858 596 981 626 ovem
1000 616 1011 636 ,
1043 596 1143 643 quae
1164 579 1268 625 foris
1290 579 1489 636 errabat,
1516 589 1557 624 et

181 652 465 699 Dominicum
504 652 801 699 characterem
844 669 868 696 a
910 649 1140 696 fallacibus
1179 649 1555 714 depraedatoribus

180 722 266 769 suis
294 723 397 769 foris
433 732 687 787 acceperat,
723 722 966 769 venientem
1006 720 1061 767 ad
1099 721 1352 768 christianae
1376 721 1554 767 unitatis

181 793 362 839 salutem
377 831 389 849 ‚
414 794 470 840 ab
488 811 629 840 errore
654 793 833 854 corrigi,
856 811 879 839 a
897 792 1147 856 captivitate
1170 792 1344 838 liberari
1366 830 1376 842 .
1409 811 1432 839 a
1451 792 1553 839 vul-

180 873 280 910 nere
317 865 482 919 sanari3
519 865 816 911 characterem
852 866 996 910 tamen
1019 864 1064 910 in
1090 879 1138 910 ea
1165 863 1448 910 Dominicum
1474 880 1551 923 ag—

180 935 300 980 nosci
322 935 467 999 potius
485 947 618 1000 quam
630 934 897 999 improbari:
917 933 1274 998 quandoquidem
1288 934 1433 996 ipsum
1449 932 1556 978 cha-

180 1015 389 1051 racterem
413 1005 540 1051 multi
573 1016 616 1051 et
638 1005 737 1068 lupi
768 1015 809 1050 et
839 1004 955 1067 lupis
988 1005 1206 1064 infigunt,
1245 1004 1321 1067 qui
1353 1002 1557 1050 videntur

182 1074 360 1138 quidem
398 1075 516 1121 intus
549 1092 635 1120 esse
656 1112 667 1131 ‚
709 1086 1004 1121 verumtamen
1035 1073 1089 1119 ad
1119 1074 1239 1119 illam
1273 1091 1397 1120 ovem
1416 1111 1426 1130 ,
1457 1090 1557 1136 quae

181 1146 312 1191 etiam'
335 1163 383 1191 ex
409 1146 556 1191 multis
583 1163 668 1190 una
701 1155 763 1190 est
784 1182 794 1201 ‚
823 1163 912 1190 non
932 1145 1167 1208 pertinere,
1194 1162 1365 1190 morum
1385 1161 1560 1190 suorum

180 1214 399 1261 fructibus
423 1215 761 1272 convincuntur,
785 1216 830 1260 in
851 1214 1012 1278 quibus
1030 1215 1075 1260 in
1095 1216 1225 1260 finem
1247 1231 1382 1278 usque
1400 1214 1560 1278 perdu-

180 1290 307 1332 rant:
331 1286 435 1349 quia
454 1286 695 1332 secundum
713 1285 1031 1348 praescientiam
1047 1285 1145 1340 Dei,
1165 1285 1276 1330 sicut
1296 1284 1446 1330 multae
1466 1301 1563 1330 oves

183 1367 328 1402 errant
347 1357 551 1414 exterius,
579 1357 639 1403 sic
657 1356 785 1402 multi
804 1355 900 1419 lupi
922 1356 1184 1401 insidiantur
1213 1355 1419 1409 interius;
1450 1356 1561 1401 inter

183 1443 293 1490 quos
310 1437 455 1473 tamen
490 1427 612 1473 novit
643 1427 857 1472 Dominus
880 1426 956 1490 qui
978 1437 1077 1472 sunt
1101 1430 1190 1486 ejus
1208 1463 1219 1483 ,
1259 1426 1335 1489 qui
1370 1443 1459 1472 non
1483 1442 1563 1472 au-

185 1497 315 1544 diunt
347 1505 500 1545 vocem
536 1498 618 1543 nisi
648 1498 861 1561 pastoris,
897 1498 1026 1543 etiam
1067 1514 1167 1543 cum
1204 1497 1363 1543 clamat
1396 1513 1476 1560 per
1500 1497 1561 1542 si-

185 1567 306 1614 miles
330 1568 670 1625 Pharisaeorum,
690 1567 742 1613 de
761 1567 924 1631 quibus
946 1567 1112 1614 dictum
1128 1577 1189 1613 est
1211 1585 1221 1613 ε
1247 1589 1266 1609 α
1279 1568 1391 1625 Quae
1408 1567 1564 1614 dicunt

187 1659 209 1681 »
231 1638 359 1684 facite
377 1637 410 1685 1.
436 1659 456 1680 >³

251 1710 310 1755 II.
344 1708 466 1754 Sicut
486 1709 598 1754 enim
616 1709 751 1754 homo
771 1709 974 1773 spiritalis
991 1709 1158 1754 hahens
1178 1710 1308 1754 finem
1328 1710 1558 1774 praecepti,

185 1777 232 1825 id
255 1789 334 1835 est,
355 1779 611 1825 charitatem
649 1778 702 1824 de
727 1779 856 1825 corde
885 1796 997 1843 puro
1020 1787 1061 1824 et
1093 1780 1354 1825 conscientia
1378 1780 1493 1825 hona
1526 1790 1566 1825 et

185 1848 274 1894 fide
289 1866 378 1895 non
396 1849 516 1906 ficta,
537 1859 688 1912 potest
712 1848 878 1913 aliquid
896 1867 945 1895 ex
970 1859 1151 1913 corpore
1169 1850 1288 1913 quod
1312 1850 1458 1896 adhuc
1473 1867 1567 1896 cor-

186 1920 411 1983 rumpitur
433 1932 475 1966 et
503 1924 706 1980 aggravat
728 1921 914 1966 animam
932 1958 942 1974 ,
961 1921 1106 1966 minus
1129 1920 1294 1984 liquide
1318 1938 1506 1976 cernere,
1527 1932 1568 1967 ct

189 1990 310 2036 aliter
335 2008 482 2055 sapere
514 1991 633 2055 quod
658 1992 704 2037 in
728 1991 877 2037 eadem
910 1991 1122 2038 charitate
1149 1993 1423 2055 permanenti
1450 1994 1564 2038 Deus

188 2069 287 2107 cum
337 2061 528 2108 voluerit
562 2061 774 2107 revelabit
809 2079 820 2106 ε
860 2062 920 2107 sic
952 2061 999 2106 in
1028 2061 1207 2107 homine
1236 2063 1398 2107 carnali
1435 2073 1564 2126 atque

187 2149 389 2195 perverso
423 2144 567 2197 potest
599 2132 779 2196 aliquod
815 2133 983 2178 honum
1008 2142 1049 2177 et
1074 2132 1177 2178 utile
1212 2133 1423 2196 reperiri,
1447 2134 1566 2197 quod

191 2202 365 2248 aliunde
383 2203 438 2249 sit
459 2217 546 2248 non
570 2220 617 2248 ex
633 2203 743 2266 ipso.
774 2205 888 2248 Nam
910 2213 957 2248 ut
981 2203 1025 2247 in
1045 2202 1224 2265 palmite
1250 2203 1473 2249 fructuoso
1499 2204 1570 2249 in-

189 2273 362 2319 Venitur
386 2273 552 2337 aliquid
576 2273 697 2336 quod
721 2271 1001 2336 purgandum
1020 2273 1099 2328 sit,
1129 2284 1178 2318 ut
1202 2276 1411 2333 majorem
1445 2273 1569 2320 fruc‘

190 2352 285 2389 tum
308 2344 444 2399 ferat3
471 2344 531 2390 ita
553 2355 595 2390 et
617 2344 662 2390 in
691 2344 902 2390 arundine
922 2342 1055 2389 sterili
1078 2354 1210 2407 atque
1238 2344 1358 2390 arida
1377 2344 1443 2391 vel
1468 2345 1568 2391 alli-

193 2425 292 2474 gata
304 2414 411 2461 solet
434 2431 517 2461 uva
532 2414 735 2478 pendere.
761 2416 816 2459 Et
834 2413 931 2460 ideo
949 2413 1061 2459 sicut
1081 2413 1260 2460 stultum
1281 2426 1343 2461 est
1357 2414 1575 2461 fructiferi

191 2483 388 2547 palmitis
426 2495 715 2548 purgamenta
760 2484 936 2544 diligere
961 2521 972 2542 ‚
1012 2485 1240 2531 commode
1286 2496 1430 2532 autem
1470 2485 1574 2532 facit

193 2554 270 2617 qui
300 2569 433 2618 poma
464 2555 614 2602 suavia
647 2554 916 2619 ubicumque
944 2570 1148 2619 suspensa
1176 2574 1263 2602 non
1292 2557 1458 2620 respuit
1481 2575 1491 2602 ε
1515 2557 1575 2602 ita

194 2625 390 2689 quisquis
408 2626 464 2673 ab
489 2626 653 2673 unitate
676 2626 888 2690 praecisus
916 2637 1150 2692 propterea
1172 2627 1415 2691 rebaptizat
1434 2663 1447 2687 ,
1472 2628 1574 2691 quia

242 2715 254 2738 ¹
272 2713 388 2750 Matth.
409 2728 509 2764 xxm,
528 2719 562 2753 3.
