<?xml version="1.0" encoding="UTF-8"?>
<!DOCTYPE html PUBLIC "-//W3C//DTD XHTML 1.0 Transitional//EN"
    "http://www.w3.org/TR/xhtml1/DTD/xhtml1-transitional.dtd">
<html xmlns="http://www.w3.org/1999/xhtml" xml:lang="en" lang="en">
 <head>
  <title>
</title>
<meta http-equiv="Content-Type" content="text/html;charset=utf-8" />
  <meta name='ocr-system' content='tesseract 3.04.00' />
  <meta name='ocr-capabilities' content='ocr_page ocr_carea ocr_par ocr_line ocrx_word'/>
</head>
<body>
  <div class='ocr_page' id='page_1' title='image "./operaomniaaccura31auguuoft_0465.png"; bbox 0 0 1894 3154; ppageno 0'>
   <div class='ocr_carea' id='block_1_1' title="bbox 318 229 1599 285">
    <p class='ocr_par' dir='ltr' id='par_1_1' title="bbox 318 229 1599 285">
     <span class='ocr_line' id='line_1_1' title="bbox 318 229 1599 285; baseline 0.005 -16"><span class='ocrx_word' id='word_1_1' title='bbox 318 240 373 270; x_wconf 88' lang='lat' dir='ltr'>DE</span> <span class='ocrx_word' id='word_1_2' title='bbox 411 239 632 272; x_wconf 76' lang='lat' dir='ltr'>BAPrisno</span> <span class='ocrx_word' id='word_1_3' title='bbox 669 242 843 272; x_wconf 76' lang='lat' dir='ltr'><strong>CONTRA</strong></span> <span class='ocrx_word' id='word_1_4' title='bbox 880 241 1171 282; x_wconf 49' lang='lat' dir='ltr'>uomrrsrss,</span> <span class='ocrx_word' id='word_1_5' title='bbox 1212 243 1298 273; x_wconf 82' lang='lat' dir='ltr'><strong>LIB.</strong></span> <span class='ocrx_word' id='word_1_6' title='bbox 1342 244 1417 274; x_wconf 80' lang='lat' dir='ltr'>vn.</span> <span class='ocrx_word' id='word_1_7' title='bbox 1506 229 1599 285; x_wconf 73' lang='lat'>455</span> 
     </span>
    </p>
   </div>
   <div class='ocr_carea' id='block_1_2' title="bbox 217 307 1607 2552">
    <p class='ocr_par' dir='ltr' id='par_1_2' title="bbox 217 307 1603 1562">
     <span class='ocr_line' id='line_1_2' title="bbox 222 307 1595 369; baseline 0.003 -20"><span class='ocrx_word' id='word_1_8' title='bbox 222 315 463 351; x_wconf 80' lang='lat' dir='ltr'>sererentur</span> <span class='ocrx_word' id='word_1_9' title='bbox 499 307 719 352; x_wconf 77' lang='lat' dir='ltr'>Ecclesiae.</span> <span class='ocrx_word' id='word_1_10' title='bbox 754 329 774 348; x_wconf 67' lang='grc' dir='ltr'>α</span> <span class='ocrx_word' id='word_1_11' title='bbox 795 308 840 353; x_wconf 80' lang='lat' dir='ltr'>Si</span> <span class='ocrx_word' id='word_1_12' title='bbox 863 307 977 351; x_wconf 87' lang='lat' dir='ltr'>enim</span> <span class='ocrx_word' id='word_1_13' title='bbox 1004 307 1190 351; x_wconf 79' lang='lat' dir='ltr'>habeam</span> <span class='ocrx_word' id='word_1_14' title='bbox 1208 344 1218 362; x_wconf 79' lang='lat'>,</span> <span class='ocrx_word' id='word_1_15' title='bbox 1241 308 1406 369; x_wconf 77' lang='lat' dir='ltr'>inquit,</span> <span class='ocrx_word' id='word_1_16' title='bbox 1432 308 1561 353; x_wconf 86' lang='lat' dir='ltr'>fidem</span> <span class='ocrx_word' id='word_1_17' title='bbox 1584 346 1595 364; x_wconf 91' lang='lat'>,</span> 
     </span>
     <span class='ocr_line' id='line_1_3' title="bbox 222 376 1594 435; baseline 0.003 -16"><span class='ocrx_word' id='word_1_18' title='bbox 222 395 243 415; x_wconf 87' lang='lat'>»</span> <span class='ocrx_word' id='word_1_19' title='bbox 265 385 313 420; x_wconf 90' lang='lat' dir='ltr'>ut</span> <span class='ocrx_word' id='word_1_20' title='bbox 329 386 494 420; x_wconf 89' lang='lat' dir='ltr'>montes</span> <span class='ocrx_word' id='word_1_21' title='bbox 517 376 789 432; x_wconf 81' lang='lat' dir='ltr'><strong>transferam,</strong></span> <span class='ocrx_word' id='word_1_22' title='bbox 818 376 1077 422; x_wconf 81' lang='lat' dir='ltr'>charitatem</span> <span class='ocrx_word' id='word_1_23' title='bbox 1100 385 1244 421; x_wconf 84' lang='lat' dir='ltr'>autem</span> <span class='ocrx_word' id='word_1_24' title='bbox 1265 394 1354 422; x_wconf 90' lang='lat' dir='ltr'>non</span> <span class='ocrx_word' id='word_1_25' title='bbox 1378 377 1594 435; x_wconf 78' lang='lat' dir='ltr'>habeam,</span> 
     </span>
     <span class='ocr_line' id='line_1_4' title="bbox 223 445 1597 509; baseline 0.003 -19"><span class='ocrx_word' id='word_1_26' title='bbox 223 465 244 487; x_wconf 67' lang='lat'>&gt;2</span> <span class='ocrx_word' id='word_1_27' title='bbox 265 445 377 490; x_wconf 84' lang='lat' dir='ltr'>nihil</span> <span class='ocrx_word' id='word_1_28' title='bbox 410 463 504 491; x_wconf 90' lang='lat' dir='ltr'>sum</span> <span class='ocrx_word' id='word_1_29' title='bbox 521 445 555 492; x_wconf 72' lang='lat'>1.</span> <span class='ocrx_word' id='word_1_30' title='bbox 582 468 603 487; x_wconf 84' lang='lat'>»</span> <span class='ocrx_word' id='word_1_31' title='bbox 628 448 751 492; x_wconf 83' lang='lat' dir='ltr'>Sicut</span> <span class='ocrx_word' id='word_1_32' title='bbox 769 451 859 507; x_wconf 87' lang='lat' dir='ltr'>jam</span> <span class='ocrx_word' id='word_1_33' title='bbox 884 446 1113 509; x_wconf 62' lang='lat' dir='ltr'>praeteritis</span> <span class='ocrx_word' id='word_1_34' title='bbox 1145 451 1360 506; x_wconf 79' lang='lat' dir='ltr'>maJ&#39;orum</span> <span class='ocrx_word' id='word_1_35' title='bbox 1399 450 1569 495; x_wconf 85' lang='lat' dir='ltr'>statutis</span> <span class='ocrx_word' id='word_1_36' title='bbox 1586 486 1597 506; x_wconf 92' lang='lat'>,</span> 
     </span>
     <span class='ocr_line' id='line_1_5' title="bbox 222 515 1602 580; baseline 0.003 -20"><span class='ocrx_word' id='word_1_37' title='bbox 222 532 310 561; x_wconf 91' lang='lat' dir='ltr'>non</span> <span class='ocrx_word' id='word_1_38' title='bbox 328 515 485 561; x_wconf 89' lang='lat' dir='ltr'>dubito</span> <span class='ocrx_word' id='word_1_39' title='bbox 509 517 636 562; x_wconf 86' lang='lat' dir='ltr'>etiam</span> <span class='ocrx_word' id='word_1_40' title='bbox 656 517 750 563; x_wconf 89' lang='lat' dir='ltr'>illos</span> <span class='ocrx_word' id='word_1_41' title='bbox 777 517 938 562; x_wconf 89' lang='lat' dir='ltr'>habere</span> <span class='ocrx_word' id='word_1_42' title='bbox 961 517 1230 579; x_wconf 83' lang='lat' dir='ltr'>baptismum</span> <span class='ocrx_word' id='word_1_43' title='bbox 1246 554 1257 573; x_wconf 87' lang='grc'>,</span> <span class='ocrx_word' id='word_1_44' title='bbox 1291 518 1369 579; x_wconf 90' lang='lat' dir='ltr'>qui</span> <span class='ocrx_word' id='word_1_45' title='bbox 1400 519 1602 580; x_wconf 83' lang='lat' dir='ltr'>quamvis</span> 
     </span>
     <span class='ocr_line' id='line_1_6' title="bbox 220 585 1602 652; baseline 0.003 -21"><span class='ocrx_word' id='word_1_46' title='bbox 220 585 432 632; x_wconf 86' lang='lat' dir='ltr'>fallaciter</span> <span class='ocrx_word' id='word_1_47' title='bbox 447 587 495 632; x_wconf 88' lang='lat' dir='ltr'>id</span> <span class='ocrx_word' id='word_1_48' title='bbox 516 589 762 652; x_wconf 81' lang='lat' dir='ltr'>accipiant,</span> <span class='ocrx_word' id='word_1_49' title='bbox 790 589 836 634; x_wconf 91' lang='lat' dir='ltr'>in</span> <span class='ocrx_word' id='word_1_50' title='bbox 862 588 1054 634; x_wconf 82' lang='lat' dir='ltr'>Ecclesia</span> <span class='ocrx_word' id='word_1_51' title='bbox 1080 599 1225 633; x_wconf 84' lang='lat' dir='ltr'>tamen</span> <span class='ocrx_word' id='word_1_52' title='bbox 1246 588 1470 651; x_wconf 89' lang='lat' dir='ltr'>accipiunt</span> <span class='ocrx_word' id='word_1_53' title='bbox 1493 626 1504 645; x_wconf 90' lang='lat'>,</span> <span class='ocrx_word' id='word_1_54' title='bbox 1533 589 1602 635; x_wconf 78' lang='lat' dir='ltr'>vel</span> 
     </span>
     <span class='ocr_line' id='line_1_7' title="bbox 222 657 1601 721; baseline 0.002 -20"><span class='ocrx_word' id='word_1_55' title='bbox 222 657 300 702; x_wconf 85' lang='lat' dir='ltr'>ubi</span> <span class='ocrx_word' id='word_1_56' title='bbox 321 668 504 720; x_wconf 82' lang='lat' dir='ltr'>putatur</span> <span class='ocrx_word' id='word_1_57' title='bbox 526 675 611 704; x_wconf 90' lang='lat' dir='ltr'>esse</span> <span class='ocrx_word' id='word_1_58' title='bbox 639 659 832 705; x_wconf 77' lang='lat' dir='ltr'>Ecclesia</span> <span class='ocrx_word' id='word_1_59' title='bbox 852 659 907 704; x_wconf 89' lang='lat' dir='ltr'>ab</span> <span class='ocrx_word' id='word_1_60' title='bbox 932 659 990 704; x_wconf 88' lang='lat' dir='ltr'>eis</span> <span class='ocrx_word' id='word_1_61' title='bbox 1010 696 1020 714; x_wconf 85' lang='lat'>,</span> <span class='ocrx_word' id='word_1_62' title='bbox 1058 659 1101 703; x_wconf 89' lang='lat' dir='ltr'>in</span> <span class='ocrx_word' id='word_1_63' title='bbox 1125 675 1310 721; x_wconf 90' lang='lat' dir='ltr'>quorum</span> <span class='ocrx_word' id='word_1_64' title='bbox 1336 659 1536 704; x_wconf 89' lang='lat' dir='ltr'>societate</span> <span class='ocrx_word' id='word_1_65' title='bbox 1554 658 1601 704; x_wconf 83' lang='lat' dir='ltr'>id</span> 
     </span>
     <span class='ocr_line' id='line_1_8' title="bbox 223 727 1599 791; baseline -0.001 -20"><span class='ocrx_word' id='word_1_66' title='bbox 223 727 455 790; x_wconf 74' lang='lat' dir='ltr'>accipitur,</span> <span class='ocrx_word' id='word_1_67' title='bbox 483 728 536 773; x_wconf 91' lang='lat' dir='ltr'>de</span> <span class='ocrx_word' id='word_1_68' title='bbox 555 730 716 791; x_wconf 88' lang='lat' dir='ltr'>quibus</span> <span class='ocrx_word' id='word_1_69' title='bbox 738 729 907 774; x_wconf 88' lang='lat' dir='ltr'>dictum</span> <span class='ocrx_word' id='word_1_70' title='bbox 930 739 1018 774; x_wconf 86' lang='lat' dir='ltr'>est:</span> <span class='ocrx_word' id='word_1_71' title='bbox 1047 750 1068 770; x_wconf 74' lang='lat' dir='ltr'>&lt;c</span> <span class='ocrx_word' id='word_1_72' title='bbox 1092 730 1152 774; x_wconf 82' lang='lat' dir='ltr'>Ex</span> <span class='ocrx_word' id='word_1_73' title='bbox 1168 728 1296 774; x_wconf 86' lang='lat' dir='ltr'>nobis</span> <span class='ocrx_word' id='word_1_74' title='bbox 1312 729 1505 773; x_wconf 81' lang='lat' dir='ltr'>exierunt</span> <span class='ocrx_word' id='word_1_75' title='bbox 1522 729 1555 776; x_wconf 75' lang='lat'>².</span> <span class='ocrx_word' id='word_1_76' title='bbox 1578 749 1599 771; x_wconf 89' lang='lat'>›&gt;</span> 
     </span>
     <span class='ocr_line' id='line_1_9' title="bbox 222 797 1600 862; baseline 0.001 -21"><span class='ocrx_word' id='word_1_77' title='bbox 222 797 311 841; x_wconf 86' lang='lat' dir='ltr'>Ubi</span> <span class='ocrx_word' id='word_1_78' title='bbox 334 808 477 842; x_wconf 87' lang='lat' dir='ltr'>autem</span> <span class='ocrx_word' id='word_1_79' title='bbox 495 815 634 861; x_wconf 88' lang='lat' dir='ltr'>neque</span> <span class='ocrx_word' id='word_1_80' title='bbox 650 799 826 844; x_wconf 87' lang='lat' dir='ltr'>societas</span> <span class='ocrx_word' id='word_1_81' title='bbox 844 799 932 844; x_wconf 90' lang='lat' dir='ltr'>ulla</span> <span class='ocrx_word' id='word_1_82' title='bbox 956 809 1060 844; x_wconf 90' lang='lat' dir='ltr'>esset</span> <span class='ocrx_word' id='word_1_83' title='bbox 1076 800 1136 844; x_wconf 87' lang='lat' dir='ltr'>ita</span> <span class='ocrx_word' id='word_1_84' title='bbox 1155 798 1445 852; x_wconf 85' lang='lat' dir='ltr'>credentium,</span> <span class='ocrx_word' id='word_1_85' title='bbox 1460 814 1600 862; x_wconf 88' lang='lat' dir='ltr'>neque</span> 
     </span>
     <span class='ocr_line' id='line_1_10' title="bbox 222 865 1603 931; baseline 0.002 -21"><span class='ocrx_word' id='word_1_86' title='bbox 222 865 293 911; x_wconf 89' lang='lat' dir='ltr'>ille</span> <span class='ocrx_word' id='word_1_87' title='bbox 315 867 389 929; x_wconf 90' lang='lat' dir='ltr'>qui</span> <span class='ocrx_word' id='word_1_88' title='bbox 421 867 484 913; x_wconf 91' lang='lat' dir='ltr'>ibi</span> <span class='ocrx_word' id='word_1_89' title='bbox 527 869 766 931; x_wconf 88' lang='lat' dir='ltr'>acciperet,</span> <span class='ocrx_word' id='word_1_90' title='bbox 794 870 853 914; x_wconf 90' lang='lat' dir='ltr'>ita</span> <span class='ocrx_word' id='word_1_91' title='bbox 877 868 1096 925; x_wconf 84' lang='lat' dir='ltr'>crederet,</span> <span class='ocrx_word' id='word_1_92' title='bbox 1124 868 1196 914; x_wconf 88' lang='lat' dir='ltr'>sed</span> <span class='ocrx_word' id='word_1_93' title='bbox 1213 879 1354 914; x_wconf 87' lang='lat' dir='ltr'>totum</span> <span class='ocrx_word' id='word_1_94' title='bbox 1375 868 1544 914; x_wconf 86' lang='lat' dir='ltr'>ludicre</span> <span class='ocrx_word' id='word_1_95' title='bbox 1559 873 1603 914; x_wconf 82' lang='grc'>61</span> 
     </span>
     <span class='ocr_line' id='line_1_11' title="bbox 221 936 1602 1003; baseline 0.001 -22"><span class='ocrx_word' id='word_1_96' title='bbox 221 936 395 983; x_wconf 89' lang='lat' dir='ltr'>mimice</span> <span class='ocrx_word' id='word_1_97' title='bbox 413 949 455 983; x_wconf 90' lang='lat' dir='ltr'>et</span> <span class='ocrx_word' id='word_1_98' title='bbox 468 939 724 998; x_wconf 87' lang='lat' dir='ltr'>joculariter</span> <span class='ocrx_word' id='word_1_99' title='bbox 748 952 960 999; x_wconf 84' lang='lat' dir='ltr'>ageretur,</span> <span class='ocrx_word' id='word_1_100' title='bbox 986 950 1133 985; x_wconf 91' lang='lat' dir='ltr'>utrum</span> <span class='ocrx_word' id='word_1_101' title='bbox 1151 938 1466 1003; x_wconf 86' lang='lat' dir='ltr'>approbandus</span> <span class='ocrx_word' id='word_1_102' title='bbox 1497 950 1602 984; x_wconf 86' lang='lat' dir='ltr'>esset</span> 
     </span>
     <span class='ocr_line' id='line_1_12' title="bbox 221 1006 1600 1071; baseline 0.001 -20"><span class='ocrx_word' id='word_1_103' title='bbox 221 1006 465 1069; x_wconf 81' lang='lat' dir='ltr'>baptismus</span> <span class='ocrx_word' id='word_1_104' title='bbox 481 1009 556 1071; x_wconf 87' lang='lat' dir='ltr'>qui</span> <span class='ocrx_word' id='word_1_105' title='bbox 575 1010 635 1054; x_wconf 89' lang='lat' dir='ltr'>sic</span> <span class='ocrx_word' id='word_1_106' title='bbox 656 1010 853 1065; x_wconf 84' lang='lat' dir='ltr'>daretur,</span> <span class='ocrx_word' id='word_1_107' title='bbox 874 1010 1073 1056; x_wconf 70' lang='lat' dir='ltr'>divinum</span> <span class='ocrx_word' id='word_1_108' title='bbox 1090 1009 1306 1069; x_wconf 86' lang='lat' dir='ltr'>judicium</span> <span class='ocrx_word' id='word_1_109' title='bbox 1327 1026 1405 1071; x_wconf 89' lang='lat' dir='ltr'>per</span> <span class='ocrx_word' id='word_1_110' title='bbox 1420 1008 1600 1068; x_wconf 76' lang='lat' dir='ltr'>alicujus</span> 
     </span>
     <span class='ocr_line' id='line_1_13' title="bbox 221 1077 1600 1142; baseline 0.001 -21"><span class='ocrx_word' id='word_1_111' title='bbox 221 1077 493 1123; x_wconf 85' lang='lat' dir='ltr'>revelationis</span> <span class='ocrx_word' id='word_1_112' title='bbox 533 1080 759 1125; x_wconf 88' lang='lat' dir='ltr'>oraculum</span> <span class='ocrx_word' id='word_1_113' title='bbox 775 1118 784 1135; x_wconf 91' lang='lat'><strong><em>‚</em></strong></span> <span class='ocrx_word' id='word_1_114' title='bbox 829 1080 1038 1126; x_wconf 83' lang='lat' dir='ltr'>concordi</span> <span class='ocrx_word' id='word_1_115' title='bbox 1078 1080 1272 1125; x_wconf 89' lang='lat' dir='ltr'>oratione</span> <span class='ocrx_word' id='word_1_116' title='bbox 1319 1090 1361 1124; x_wconf 90' lang='lat' dir='ltr'>et</span> <span class='ocrx_word' id='word_1_117' title='bbox 1394 1080 1600 1142; x_wconf 76' lang='lat' dir='ltr'>impensis</span> 
     </span>
     <span class='ocr_line' id='line_1_14' title="bbox 223 1148 1601 1213; baseline 0.003 -21"><span class='ocrx_word' id='word_1_118' title='bbox 223 1148 428 1210; x_wconf 89' lang='lat' dir='ltr'>supplicii</span> <span class='ocrx_word' id='word_1_119' title='bbox 461 1148 690 1195; x_wconf 83' lang='lat' dir='ltr'>devotione</span> <span class='ocrx_word' id='word_1_120' title='bbox 716 1151 946 1210; x_wconf 79' lang='lat' dir='ltr'>gemitibus</span> <span class='ocrx_word' id='word_1_121' title='bbox 975 1150 1313 1213; x_wconf 30' lang='lat' dir='ltr'>implorandum,</span> <span class='ocrx_word' id='word_1_122' title='bbox 1337 1166 1423 1194; x_wconf 88' lang='lat' dir='ltr'>esse</span> <span class='ocrx_word' id='word_1_123' title='bbox 1452 1165 1601 1196; x_wconf 46' lang='lat' dir='ltr'>censea-</span> 
     </span>
     <span class='ocr_line' id='line_1_15' title="bbox 222 1218 1603 1285; baseline 0.001 -23"><span class='ocrx_word' id='word_1_124' title='bbox 222 1235 312 1262; x_wconf 86' lang='lat' dir='ltr'>rem</span> <span class='ocrx_word' id='word_1_125' title='bbox 336 1236 346 1262; x_wconf 73' lang='grc' dir='ltr'>ε</span> <span class='ocrx_word' id='word_1_126' title='bbox 384 1219 444 1263; x_wconf 89' lang='lat' dir='ltr'>ita</span> <span class='ocrx_word' id='word_1_127' title='bbox 466 1236 566 1265; x_wconf 88' lang='lat' dir='ltr'>sane</span> <span class='ocrx_word' id='word_1_128' title='bbox 600 1231 647 1265; x_wconf 91' lang='lat' dir='ltr'>ut</span> <span class='ocrx_word' id='word_1_129' title='bbox 670 1232 769 1283; x_wconf 86' lang='lat' dir='ltr'>post</span> <span class='ocrx_word' id='word_1_130' title='bbox 799 1239 866 1266; x_wconf 89' lang='lat' dir='ltr'>me</span> <span class='ocrx_word' id='word_1_131' title='bbox 891 1221 1086 1266; x_wconf 88' lang='lat' dir='ltr'>dicturos</span> <span class='ocrx_word' id='word_1_132' title='bbox 1114 1220 1342 1265; x_wconf 88' lang='lat' dir='ltr'>sententias</span> <span class='ocrx_word' id='word_1_133' title='bbox 1364 1256 1374 1275; x_wconf 85' lang='lat'>,</span> <span class='ocrx_word' id='word_1_134' title='bbox 1404 1236 1456 1264; x_wconf 91' lang='lat' dir='ltr'>ne</span> <span class='ocrx_word' id='word_1_135' title='bbox 1494 1218 1603 1285; x_wconf 81' lang='lat' dir='ltr'>quid</span> 
     </span>
     <span class='ocr_line' id='line_1_16' title="bbox 217 1289 1602 1352; baseline 0.001 -20"><span class='ocrx_word' id='word_1_136' title='bbox 217 1291 309 1347; x_wconf 88' lang='lat' dir='ltr'>jam</span> <span class='ocrx_word' id='word_1_137' title='bbox 329 1289 599 1351; x_wconf 84' lang='lat' dir='ltr'>exploratum</span> <span class='ocrx_word' id='word_1_138' title='bbox 621 1301 662 1336; x_wconf 92' lang='lat' dir='ltr'>et</span> <span class='ocrx_word' id='word_1_139' title='bbox 689 1293 911 1351; x_wconf 80' lang='lat' dir='ltr'>cognitum</span> <span class='ocrx_word' id='word_1_140' title='bbox 937 1292 1137 1336; x_wconf 73' lang='lat' dir='ltr'>afferrent</span> <span class='ocrx_word' id='word_1_141' title='bbox 1154 1327 1165 1345; x_wconf 84' lang='lat'>,</span> <span class='ocrx_word' id='word_1_142' title='bbox 1187 1290 1412 1335; x_wconf 86' lang='lat' dir='ltr'>humiliter</span> <span class='ocrx_word' id='word_1_143' title='bbox 1445 1306 1602 1352; x_wconf 69' lang='lat' dir='ltr'>expec-</span> 
     </span>
     <span class='ocr_line' id='line_1_17' title="bbox 222 1358 1602 1423; baseline 0 -20"><span class='ocrx_word' id='word_1_144' title='bbox 222 1368 357 1403; x_wconf 84' lang='lat' dir='ltr'>tarem</span> <span class='ocrx_word' id='word_1_145' title='bbox 379 1376 389 1404; x_wconf 74' lang='grc' dir='ltr'><strong><em>ε</em></strong></span> <span class='ocrx_word' id='word_1_146' title='bbox 418 1371 584 1423; x_wconf 84' lang='lat' dir='ltr'>quanto</span> <span class='ocrx_word' id='word_1_147' title='bbox 607 1362 740 1420; x_wconf 83' lang='lat' dir='ltr'>magis</span> <span class='ocrx_word' id='word_1_148' title='bbox 756 1378 855 1420; x_wconf 83' lang='lat' dir='ltr'>ergo</span> <span class='ocrx_word' id='word_1_149' title='bbox 880 1378 997 1406; x_wconf 89' lang='lat' dir='ltr'>nunc</span> <span class='ocrx_word' id='word_1_150' title='bbox 1021 1361 1109 1405; x_wconf 91' lang='grc'>51116</span> <span class='ocrx_word' id='word_1_151' title='bbox 1139 1359 1398 1422; x_wconf 78' lang='lat' dir='ltr'>praejudicio</span> <span class='ocrx_word' id='word_1_152' title='bbox 1419 1358 1602 1418; x_wconf 83' lang='lat' dir='ltr'>diligen-</span> 
     </span>
     <span class='ocr_line' id='line_1_18' title="bbox 222 1428 1602 1492; baseline 0.001 -19"><span class='ocrx_word' id='word_1_153' title='bbox 222 1428 341 1474; x_wconf 87' lang='lat' dir='ltr'>tioris</span> <span class='ocrx_word' id='word_1_154' title='bbox 361 1429 654 1492; x_wconf 83' lang='lat' dir='ltr'>inquisitionis</span> <span class='ocrx_word' id='word_1_155' title='bbox 669 1469 679 1488; x_wconf 88' lang='lat'>,</span> <span class='ocrx_word' id='word_1_156' title='bbox 703 1432 771 1477; x_wconf 75' lang='lat' dir='ltr'>vel</span> <span class='ocrx_word' id='word_1_157' title='bbox 793 1432 969 1491; x_wconf 85' lang='lat' dir='ltr'>majoris</span> <span class='ocrx_word' id='word_1_158' title='bbox 991 1430 1260 1477; x_wconf 74' lang='lat' dir='ltr'>auctoritatis</span> <span class='ocrx_word' id='word_1_159' title='bbox 1279 1467 1290 1487; x_wconf 86' lang='lat'>,</span> <span class='ocrx_word' id='word_1_160' title='bbox 1316 1429 1426 1474; x_wconf 84' lang='lat' dir='ltr'>illud</span> <span class='ocrx_word' id='word_1_161' title='bbox 1451 1429 1602 1475; x_wconf 82' lang='lat' dir='ltr'>dixisse</span> 
     </span>
     <span class='ocr_line' id='line_1_19' title="bbox 221 1499 634 1562; baseline 0.01 -19"><span class='ocrx_word' id='word_1_162' title='bbox 221 1499 500 1562; x_wconf 86' lang='lat' dir='ltr'>accipiendus</span> <span class='ocrx_word' id='word_1_163' title='bbox 525 1518 634 1548; x_wconf 87' lang='lat' dir='ltr'>sum.</span> 
     </span>
    </p>

    <p class='ocr_par' dir='ltr' id='par_1_3' title="bbox 221 1570 1607 2552">
     <span class='ocr_line' id='line_1_20' title="bbox 289 1570 1601 1634; baseline 0.001 -21"><span class='ocrx_word' id='word_1_164' title='bbox 289 1570 410 1615; x_wconf 83' lang='lat' dir='ltr'>Clll.</span> <span class='ocrx_word' id='word_1_165' title='bbox 446 1570 530 1615; x_wconf 84' lang='lat' dir='ltr'>Sed</span> <span class='ocrx_word' id='word_1_166' title='bbox 547 1575 657 1630; x_wconf 82' lang='lat' dir='ltr'>jam,</span> <span class='ocrx_word' id='word_1_167' title='bbox 686 1582 733 1616; x_wconf 85' lang='lat' dir='ltr'>ut</span> <span class='ocrx_word' id='word_1_168' title='bbox 752 1572 963 1627; x_wconf 81' lang='lat' dir='ltr'>existimo,</span> <span class='ocrx_word' id='word_1_169' title='bbox 1002 1582 1172 1634; x_wconf 89' lang='lat' dir='ltr'>tempus</span> <span class='ocrx_word' id='word_1_170' title='bbox 1197 1581 1258 1616; x_wconf 90' lang='lat' dir='ltr'>est</span> <span class='ocrx_word' id='word_1_171' title='bbox 1284 1570 1364 1615; x_wconf 82' lang='lat' dir='ltr'>hos</span> <span class='ocrx_word' id='word_1_172' title='bbox 1391 1570 1519 1615; x_wconf 84' lang='lat' dir='ltr'>etiam</span> <span class='ocrx_word' id='word_1_173' title='bbox 1541 1570 1601 1614; x_wconf 89' lang='lat' dir='ltr'>li-</span> 
     </span>
     <span class='ocr_line' id='line_1_21' title="bbox 221 1639 1605 1705; baseline 0 -21"><span class='ocrx_word' id='word_1_174' title='bbox 221 1639 326 1684; x_wconf 89' lang='lat' dir='ltr'>bros</span> <span class='ocrx_word' id='word_1_175' title='bbox 346 1640 398 1685; x_wconf 88' lang='lat' dir='ltr'>de</span> <span class='ocrx_word' id='word_1_176' title='bbox 422 1642 661 1704; x_wconf 58' lang='lat' dir='ltr'>quaestione</span> <span class='ocrx_word' id='word_1_177' title='bbox 686 1643 893 1705; x_wconf 84' lang='lat' dir='ltr'>baptismi</span> <span class='ocrx_word' id='word_1_178' title='bbox 918 1643 1072 1688; x_wconf 86' lang='lat' dir='ltr'>debito</span> <span class='ocrx_word' id='word_1_179' title='bbox 1099 1643 1183 1687; x_wconf 89' lang='lat' dir='ltr'>fine</span> <span class='ocrx_word' id='word_1_180' title='bbox 1208 1640 1466 1687; x_wconf 84' lang='lat' dir='ltr'>concludere</span> <span class='ocrx_word' id='word_1_181' title='bbox 1492 1658 1501 1684; x_wconf 76' lang='grc' dir='ltr'>ε</span> <span class='ocrx_word' id='word_1_182' title='bbox 1526 1640 1605 1685; x_wconf 89' lang='lat' dir='ltr'>ubi</span> 
     </span>
     <span class='ocr_line' id='line_1_22' title="bbox 221 1710 1598 1775; baseline 0 -21"><span class='ocrx_word' id='word_1_183' title='bbox 221 1710 349 1754; x_wconf 84' lang='lat' dir='ltr'>nobis</span> <span class='ocrx_word' id='word_1_184' title='bbox 371 1711 558 1756; x_wconf 80' lang='lat' dir='ltr'>ostendit</span> <span class='ocrx_word' id='word_1_185' title='bbox 590 1713 802 1757; x_wconf 90' lang='lat' dir='ltr'>Dominus</span> <span class='ocrx_word' id='word_1_186' title='bbox 828 1715 941 1758; x_wconf 85' lang='lat' dir='ltr'>Deus</span> <span class='ocrx_word' id='word_1_187' title='bbox 965 1723 1108 1757; x_wconf 88' lang='lat' dir='ltr'>noster</span> <span class='ocrx_word' id='word_1_188' title='bbox 1127 1730 1206 1775; x_wconf 86' lang='lat' dir='ltr'>per</span> <span class='ocrx_word' id='word_1_189' title='bbox 1223 1712 1458 1775; x_wconf 83' lang='lat' dir='ltr'>pacificum</span> <span class='ocrx_word' id='word_1_190' title='bbox 1480 1711 1598 1773; x_wconf 85' lang='lat' dir='ltr'>epis-</span> 
     </span>
     <span class='ocr_line' id='line_1_23' title="bbox 223 1783 1595 1846; baseline 0 -21"><span class='ocrx_word' id='word_1_191' title='bbox 223 1796 385 1843; x_wconf 85' lang='lat' dir='ltr'>copum</span> <span class='ocrx_word' id='word_1_192' title='bbox 412 1783 712 1844; x_wconf 52' lang='lat' dir='ltr'>Cyprianum,</span> <span class='ocrx_word' id='word_1_193' title='bbox 740 1794 780 1828; x_wconf 91' lang='lat' dir='ltr'>et</span> <span class='ocrx_word' id='word_1_194' title='bbox 808 1783 900 1828; x_wconf 85' lang='lat' dir='ltr'>illos</span> <span class='ocrx_word' id='word_1_195' title='bbox 922 1783 996 1846; x_wconf 89' lang='lat' dir='ltr'>qui</span> <span class='ocrx_word' id='word_1_196' title='bbox 1026 1785 1062 1828; x_wconf 86' lang='lat' dir='ltr'>ei</span> <span class='ocrx_word' id='word_1_197' title='bbox 1092 1791 1429 1837; x_wconf 87' lang='lat' dir='ltr'>consenserunt,</span> <span class='ocrx_word' id='word_1_198' title='bbox 1457 1798 1595 1843; x_wconf 75' lang='lat' dir='ltr'>quan-</span> 
     </span>
     <span class='ocr_line' id='line_1_24' title="bbox 224 1851 1604 1916; baseline 0.001 -21"><span class='ocrx_word' id='word_1_199' title='bbox 224 1862 317 1896; x_wconf 85' lang='lat' dir='ltr'>tum</span> <span class='ocrx_word' id='word_1_200' title='bbox 344 1852 396 1895; x_wconf 91' lang='lat' dir='ltr'>sit</span> <span class='ocrx_word' id='word_1_201' title='bbox 421 1852 637 1898; x_wconf 88' lang='lat' dir='ltr'>catholica</span> <span class='ocrx_word' id='word_1_202' title='bbox 668 1855 808 1899; x_wconf 88' lang='lat' dir='ltr'>unitas</span> <span class='ocrx_word' id='word_1_203' title='bbox 833 1854 1078 1913; x_wconf 80' lang='lat' dir='ltr'>diligenda,</span> <span class='ocrx_word' id='word_1_204' title='bbox 1107 1865 1155 1899; x_wconf 91' lang='grc'>111</span> <span class='ocrx_word' id='word_1_205' title='bbox 1187 1854 1233 1898; x_wconf 90' lang='grc'>111</span> <span class='ocrx_word' id='word_1_206' title='bbox 1261 1870 1310 1897; x_wconf 93' lang='lat' dir='ltr'>eo</span> <span class='ocrx_word' id='word_1_207' title='bbox 1333 1851 1452 1916; x_wconf 88' lang='lat' dir='ltr'>quod</span> <span class='ocrx_word' id='word_1_208' title='bbox 1481 1851 1604 1896; x_wconf 85' lang='lat' dir='ltr'>aliter</span> 
     </span>
     <span class='ocr_line' id='line_1_25' title="bbox 223 1921 1604 1988; baseline -0.001 -21"><span class='ocrx_word' id='word_1_209' title='bbox 223 1921 452 1983; x_wconf 76' lang='lat' dir='ltr'>sapiebant</span> <span class='ocrx_word' id='word_1_210' title='bbox 471 1960 481 1978; x_wconf 84' lang='lat'>,</span> <span class='ocrx_word' id='word_1_211' title='bbox 520 1922 658 1969; x_wconf 89' lang='lat' dir='ltr'>donec</span> <span class='ocrx_word' id='word_1_212' title='bbox 689 1924 731 1969; x_wconf 87' lang='lat' dir='ltr'>id</span> <span class='ocrx_word' id='word_1_213' title='bbox 767 1942 941 1988; x_wconf 80' lang='lat' dir='ltr'>quoque</span> <span class='ocrx_word' id='word_1_214' title='bbox 972 1927 1088 1969; x_wconf 87' lang='lat' dir='ltr'>Deus</span> <span class='ocrx_word' id='word_1_215' title='bbox 1115 1923 1348 1979; x_wconf 71' lang='lat' dir='ltr'>revelaret,</span> <span class='ocrx_word' id='word_1_216' title='bbox 1374 1922 1604 1967; x_wconf 86' lang='lat' dir='ltr'>tolerarent</span> 
     </span>
     <span class='ocr_line' id='line_1_26' title="bbox 222 1992 1601 2058; baseline 0.001 -22"><span class='ocrx_word' id='word_1_217' title='bbox 222 1992 369 2055; x_wconf 86' lang='lat' dir='ltr'>potius</span> <span class='ocrx_word' id='word_1_218' title='bbox 390 1992 557 2038; x_wconf 60' lang='lat' dir='ltr'>ditersa</span> <span class='ocrx_word' id='word_1_219' title='bbox 576 1995 818 2049; x_wconf 84' lang='lat' dir='ltr'>sentientes,</span> <span class='ocrx_word' id='word_1_220' title='bbox 834 2012 964 2058; x_wconf 85' lang='lat' dir='ltr'>quam</span> <span class='ocrx_word' id='word_1_221' title='bbox 980 2013 1021 2040; x_wconf 88' lang='lat' dir='ltr'>se</span> <span class='ocrx_word' id='word_1_222' title='bbox 1040 1996 1095 2040; x_wconf 89' lang='lat' dir='ltr'>ab</span> <span class='ocrx_word' id='word_1_223' title='bbox 1109 1995 1167 2040; x_wconf 86' lang='lat' dir='ltr'>eis</span> <span class='ocrx_word' id='word_1_224' title='bbox 1186 1994 1350 2039; x_wconf 85' lang='lat' dir='ltr'>nefario</span> <span class='ocrx_word' id='word_1_225' title='bbox 1369 1993 1601 2039; x_wconf 80' lang='lat' dir='ltr'>schismate</span> 
     </span>
     <span class='ocr_line' id='line_1_27' title="bbox 223 2063 1601 2129; baseline 0 -22"><span class='ocrx_word' id='word_1_226' title='bbox 223 2075 501 2125; x_wconf 85' lang='lat' dir='ltr'>separarent:</span> <span class='ocrx_word' id='word_1_227' title='bbox 532 2064 609 2109; x_wconf 84' lang='lat' dir='ltr'>ubi</span> <span class='ocrx_word' id='word_1_228' title='bbox 644 2067 969 2111; x_wconf 83' lang='lat' dir='ltr'>Donatistarum</span> <span class='ocrx_word' id='word_1_229' title='bbox 994 2083 1171 2129; x_wconf 87' lang='lat' dir='ltr'>prorsus</span> <span class='ocrx_word' id='word_1_230' title='bbox 1203 2082 1275 2110; x_wconf 88' lang='lat' dir='ltr'>ora</span> <span class='ocrx_word' id='word_1_231' title='bbox 1305 2063 1601 2117; x_wconf 87' lang='lat' dir='ltr'>clauduntur,</span> 
     </span>
     <span class='ocr_line' id='line_1_28' title="bbox 224 2133 1605 2181; baseline 0.001 -4"><span class='ocrx_word' id='word_1_232' title='bbox 224 2134 352 2178; x_wconf 91' lang='lat' dir='ltr'>etiam</span> <span class='ocrx_word' id='word_1_233' title='bbox 379 2133 412 2177; x_wconf 85' lang='lat' dir='ltr'>si</span> <span class='ocrx_word' id='word_1_234' title='bbox 439 2133 491 2178; x_wconf 92' lang='lat' dir='ltr'>de</span> <span class='ocrx_word' id='word_1_235' title='bbox 529 2136 854 2181; x_wconf 76' lang='lat' dir='ltr'>Maximianistis</span> <span class='ocrx_word' id='word_1_236' title='bbox 884 2136 996 2181; x_wconf 89' lang='grc'>1111111</span> <span class='ocrx_word' id='word_1_237' title='bbox 1031 2136 1239 2181; x_wconf 87' lang='lat' dir='ltr'>dicamus.</span> <span class='ocrx_word' id='word_1_238' title='bbox 1282 2135 1327 2180; x_wconf 85' lang='lat' dir='ltr'>Si</span> <span class='ocrx_word' id='word_1_239' title='bbox 1364 2135 1478 2179; x_wconf 89' lang='lat' dir='ltr'>enim</span> <span class='ocrx_word' id='word_1_240' title='bbox 1502 2134 1605 2179; x_wconf 82' lang='lat' dir='ltr'>mali</span> 
     </span>
     <span class='ocr_line' id='line_1_29' title="bbox 224 2203 1602 2265; baseline 0.001 -17"><span class='ocrx_word' id='word_1_241' title='bbox 224 2203 362 2248; x_wconf 82' lang='lat' dir='ltr'>bonos</span> <span class='ocrx_word' id='word_1_242' title='bbox 384 2203 428 2248; x_wconf 93' lang='lat' dir='ltr'>in</span> <span class='ocrx_word' id='word_1_243' title='bbox 460 2205 627 2250; x_wconf 90' lang='lat' dir='ltr'>unitate</span> <span class='ocrx_word' id='word_1_244' title='bbox 652 2207 980 2260; x_wconf 82' lang='lat' dir='ltr'>contaminant,</span> <span class='ocrx_word' id='word_1_245' title='bbox 1017 2206 1181 2251; x_wconf 83' lang='lat' dir='ltr'>nullam</span> <span class='ocrx_word' id='word_1_246' title='bbox 1207 2208 1298 2265; x_wconf 84' lang='lat' dir='ltr'>jam</span> <span class='ocrx_word' id='word_1_247' title='bbox 1335 2204 1571 2250; x_wconf 83' lang='lat' dir='ltr'>Ecclesiam</span> <span class='ocrx_word' id='word_1_248' title='bbox 1591 2242 1602 2260; x_wconf 90' lang='lat'>,</span> 
     </span>
     <span class='ocr_line' id='line_1_30' title="bbox 225 2274 1607 2341; baseline 0.001 -23"><span class='ocrx_word' id='word_1_249' title='bbox 225 2274 297 2318; x_wconf 91' lang='lat' dir='ltr'>cui</span> <span class='ocrx_word' id='word_1_250' title='bbox 315 2274 565 2329; x_wconf 83' lang='lat' dir='ltr'>sociaretur,</span> <span class='ocrx_word' id='word_1_251' title='bbox 591 2276 654 2341; x_wconf 60' lang='lat' dir='ltr'>xjel</span> <span class='ocrx_word' id='word_1_252' title='bbox 683 2277 774 2339; x_wconf 91' lang='lat' dir='ltr'>ipse</span> <span class='ocrx_word' id='word_1_253' title='bbox 800 2277 1048 2339; x_wconf 62' lang='lat' dir='ltr'>Cyprianus</span> <span class='ocrx_word' id='word_1_254' title='bbox 1068 2276 1246 2321; x_wconf 71' lang='lat' dir='ltr'>invenit.</span> <span class='ocrx_word' id='word_1_255' title='bbox 1280 2275 1324 2320; x_wconf 85' lang='lat' dir='ltr'>Si</span> <span class='ocrx_word' id='word_1_256' title='bbox 1344 2285 1487 2319; x_wconf 87' lang='lat' dir='ltr'>autem</span> <span class='ocrx_word' id='word_1_257' title='bbox 1505 2274 1607 2320; x_wconf 88' lang='lat' dir='ltr'>mali</span> 
     </span>
     <span class='ocr_line' id='line_1_31' title="bbox 224 2346 1601 2409; baseline 0.001 -20"><span class='ocrx_word' id='word_1_258' title='bbox 224 2346 363 2390; x_wconf 87' lang='lat' dir='ltr'>bonos</span> <span class='ocrx_word' id='word_1_259' title='bbox 388 2346 431 2390; x_wconf 90' lang='lat' dir='ltr'>in</span> <span class='ocrx_word' id='word_1_260' title='bbox 458 2347 620 2392; x_wconf 80' lang='lat' dir='ltr'>unitate</span> <span class='ocrx_word' id='word_1_261' title='bbox 645 2365 731 2392; x_wconf 88' lang='lat' dir='ltr'>non</span> <span class='ocrx_word' id='word_1_262' title='bbox 757 2349 1003 2405; x_wconf 86' lang='lat' dir='ltr'>maculant,</span> <span class='ocrx_word' id='word_1_263' title='bbox 1036 2347 1201 2393; x_wconf 86' lang='lat' dir='ltr'>nullam</span> <span class='ocrx_word' id='word_1_264' title='bbox 1229 2364 1403 2392; x_wconf 81' lang='lat' dir='ltr'>causam</span> <span class='ocrx_word' id='word_1_265' title='bbox 1420 2364 1601 2409; x_wconf 84' lang='lat' dir='ltr'>separa-</span> 
     </span>
     <span class='ocr_line' id='line_1_32' title="bbox 224 2416 1600 2481; baseline 0.001 -21"><span class='ocrx_word' id='word_1_266' title='bbox 224 2416 351 2460; x_wconf 87' lang='lat' dir='ltr'>tionis</span> <span class='ocrx_word' id='word_1_267' title='bbox 376 2416 602 2476; x_wconf 80' lang='lat' dir='ltr'>sacrilegus</span> <span class='ocrx_word' id='word_1_268' title='bbox 633 2419 855 2463; x_wconf 78' lang='lat' dir='ltr'>Donatista</span> <span class='ocrx_word' id='word_1_269' title='bbox 878 2420 1102 2481; x_wconf 82' lang='lat' dir='ltr'>proponit.</span> <span class='ocrx_word' id='word_1_270' title='bbox 1148 2418 1421 2480; x_wconf 87' lang='lat' dir='ltr'>Baptismum</span> <span class='ocrx_word' id='word_1_271' title='bbox 1456 2429 1600 2462; x_wconf 85' lang='lat' dir='ltr'>autem</span> 
     </span>
     <span class='ocr_line' id='line_1_33' title="bbox 226 2485 1603 2552; baseline 0.001 -21"><span class='ocrx_word' id='word_1_272' title='bbox 226 2486 260 2531; x_wconf 90' lang='lat' dir='ltr'>si</span> <span class='ocrx_word' id='word_1_273' title='bbox 279 2485 444 2531; x_wconf 89' lang='lat' dir='ltr'>habent</span> <span class='ocrx_word' id='word_1_274' title='bbox 467 2498 509 2532; x_wconf 91' lang='lat' dir='ltr'>et</span> <span class='ocrx_word' id='word_1_275' title='bbox 535 2488 714 2533; x_wconf 88' lang='lat' dir='ltr'>tradunt</span> <span class='ocrx_word' id='word_1_276' title='bbox 738 2488 809 2533; x_wconf 87' lang='lat' dir='ltr'>alii</span> <span class='ocrx_word' id='word_1_277' title='bbox 841 2499 927 2533; x_wconf 89' lang='lat' dir='ltr'>tam</span> <span class='ocrx_word' id='word_1_278' title='bbox 952 2489 1076 2534; x_wconf 91' lang='lat' dir='ltr'>multi</span> <span class='ocrx_word' id='word_1_279' title='bbox 1108 2488 1184 2552; x_wconf 90' lang='lat' dir='ltr'>qui</span> <span class='ocrx_word' id='word_1_280' title='bbox 1206 2498 1441 2551; x_wconf 82' lang='lat' dir='ltr'>operantur</span> <span class='ocrx_word' id='word_1_281' title='bbox 1471 2503 1603 2550; x_wconf 81' lang='lat' dir='ltr'>opera</span> 
     </span>
    </p>
   </div>
   <div class='ocr_carea' id='block_1_3' title="bbox 274 2568 949 2612">
    <p class='ocr_par' dir='ltr' id='par_1_4' title="bbox 274 2568 949 2612">
     <span class='ocr_line' id='line_1_34' title="bbox 274 2568 949 2612; baseline 0.004 -13"><span class='ocrx_word' id='word_1_282' title='bbox 274 2568 284 2590; x_wconf 88' lang='lat'><strong>¹</strong></span> <span class='ocrx_word' id='word_1_283' title='bbox 307 2580 319 2598; x_wconf 87' lang='lat'>1</span> <span class='ocrx_word' id='word_1_284' title='bbox 345 2570 420 2603; x_wconf 76' lang='lat' dir='ltr'>Cor.</span> <span class='ocrx_word' id='word_1_285' title='bbox 438 2580 509 2610; x_wconf 72' lang='grc'>11111,</span> <span class='ocrx_word' id='word_1_286' title='bbox 533 2581 624 2610; x_wconf 87' lang='lat'>2‚—</span> <span class='ocrx_word' id='word_1_287' title='bbox 644 2568 659 2591; x_wconf 77' lang='lat'><strong>²</strong></span> <span class='ocrx_word' id='word_1_288' title='bbox 681 2582 692 2602; x_wconf 84' lang='lat'>1</span> <span class='ocrx_word' id='word_1_289' title='bbox 716 2573 949 2612; x_wconf 80' lang='lat' dir='ltr'>Joan.11‚19.</span> 
     </span>
    </p>
   </div>
  </div>
 </body>
</html>
