1894 3154
292 241 385 306 398
709 255 744 285 s.
788 253 1030 286 Auensrfflr
1063 252 1268 284 EP1scom

301 334 342 369 et
368 335 633 385 consequens
656 331 719 370 est
751 337 820 367 eos
837 358 848 378 ‚
871 321 947 384 qui
967 338 989 366 a
1009 319 1235 366 contrariis
1272 316 1485 382 baptizati
1511 317 1663 383 inqui-

296 393 390 440 nati
415 403 532 450 sunt,
558 392 702 455 primo
734 392 912 455 purgari
934 402 974 436 et
997 401 1092 436 tuin
1117 390 1292 436 demum
1318 389 1530 453 baptizari
1547 388 1580 435 1.
1600 389 1648 449 »)

360 464 528 510 XXIII.
561 463 722 508 Lucius
759 480 781 508 a
815 462 967 507 Castro
1002 461 1157 506 Galbae
1187 478 1234 506 ex
1262 460 1496 520 Evangelio
1520 459 1668 523 posuit

294 534 608 590 testimonium,
636 533 803 578 dicente
818 533 1008 578 Domino
1025 550 1035 576 ι
1051 554 1070 573 α
1090 532 1176 576 Vos
1196 532 1292 576 estis
1305 531 1366 577 sal
1383 543 1522 586 terras,
1540 532 1574 576 si
1593 548 1667 577 au-

294 616 381 651 tem
394 604 456 650 sal
488 604 751 650 infatuatum
770 602 918 658 fuerit,
941 601 986 647 id
1010 601 1130 666 quod
1155 602 1331 650 salietur
1354 619 1402 646 ex
1435 619 1508 657 eo,
1530 601 1585 646 ad
1603 601 1668 646 ni-

295 678 362 723 hil
385 677 562 730 valebit,
590 676 674 721 nisi
709 687 757 721 ut
781 676 1045 739 projiciatur
1070 675 1201 731 foras,
1235 686 1276 721 et
1296 675 1576 721 conculcetur
1612 675 1667 720 ab

298 747 557 793 hominibus
581 747 600 774 2
626 764 637 791 ι
663 746 817 809 »quasi
844 763 921 791 nos
944 746 1140 791 dicamus
1170 746 1367 791 homines
1403 747 1518 809 ipsos
1554 744 1668 790 foras

297 825 516 885 projectos
533 819 698 883 aliquid
720 819 884 876 valere,
910 819 978 867 Vel
1004 820 1057 865 ad
1080 836 1203 871 suam
1228 819 1296 864 vel
1317 819 1372 865 ad
1397 819 1575 864 aliorum
1599 836 1669 864 sa-

296 893 447 940 lutem.
473 891 557 938 Sed
581 902 622 937 et
638 891 714 955 qui
738 891 840 941 tales
857 891 1060 938 videntur
1085 892 1217 948 intus,
1235 909 1323 937 non
1343 891 1481 937 solum
1500 891 1671 954 spirita-

298 964 396 1010 liter
421 963 524 1009 foris
545 973 663 1019 sunt⁷
685 962 757 1008 sed
776 963 905 1008 etiam
927 962 1211 1026 corporaliter
1233 963 1274 1008 iu
1301 964 1386 1008 fine
1408 961 1674 1024 separabun-

300 1046 388 1082 tur.
413 1035 576 1083 Omnes
599 1034 715 1079 enim
746 1033 850 1079 tales
880 1034 933 1080 ad
956 1034 1068 1079 nihil
1092 1034 1237 1081 valent
1255 1072 1266 1091 ,
1293 1051 1371 1079 nec
1404 1033 1501 1078 ideo
1527 1043 1671 1077 tamen

301 1114 616 1151 sacramentum
632 1103 907 1166 baptismatis
924 1104 1078 1167 quod
1068 1120 1113 1148 111
1136 1104 1194 1148 eis
1218 1115 1296 1157 est,
1328 1103 1441 1148 nihil
1458 1112 1532 1147 est.
1560 1102 1674 1146 Nam

303 1187 344 1222 et
360 1175 406 1221 in
424 1174 528 1237 ipsis
542 1173 617 1236 qui
633 1184 928 1236 projiciuntur
938 1173 1068 1227 foras
1092 1174 1125 1219 si
1142 1174 1398 1236 resipiscant
1415 1184 1456 1218 et
1475 1172 1668 1225 redeant,

303 1245 417 1291 salus
448 1244 506 1289 eis
522 1260 624 1306 quae
646 1254 874 1289 recesserat
900 1243 1050 1289 redit:
1087 1244 1305 1306 baptisma
1331 1261 1431 1290 xero
1459 1243 1558 1305 quia
1586 1258 1673 1286 non

301 1324 530 1362 recesserat
568 1331 656 1359 non
688 1313 813 1360 redit
856 1315 911 1358 Et
935 1313 1045 1358 illud
1065 1314 1184 1377 quod
1209 1316 1267 1360 ait
1295 1315 1530 1362 Dominus:
1560 1336 1580 1357 ι(
1610 1313 1673 1356 Ite

303 1403 421 1446 ergo,
444 1396 486 1431 et
505 1384 656 1430 docete
679 1395 822 1443 gentes
838 1422 849 1438 ,
876 1384 1148 1446 baptizantes
1172 1402 1242 1430 eos
1266 1386 1311 1430 in
1334 1389 1508 1432 nomine
1532 1386 1674 1432 Patris

301 1468 343 1503 et
364 1456 461 1501 Filii
484 1466 525 1522 et
547 1455 736 1517 Spiritus
757 1455 894 1499 sancti
919 1454 954 1510 3,
980 1476 998 1495 n
1018 1472 1104 1499 non
1127 1456 1323 1517 permisit
1347 1456 1572 1518 baptizare
1593 1460 1674 1505 nisi

299 1529 464 1574 bonos:
492 1526 595 1589 quia
617 1525 739 1570 malis
768 1542 856 1570 non
880 1525 1043 1571 diceret
1061 1542 1073 1564 ι
1108 1548 1123 1565 «
1147 1526 1283 1571 sicui
1309 1525 1553 1573 dimiseritis
1573 1547 1674 1592 pec-

301 1621 323 1641 »
340 1609 436 1644 cata
453 1634 464 1653 ,
492 1596 767 1645 dimittentur
790 1596 852 1649 ei;
878 1596 912 1641 si
937 1597 1008 1641 cui
1034 1597 1253 1642 tenueritis
1270 1635 1279 1651 ,
1302 1598 1569 1644 tenebuntur
1588 1599 1622 1646 Δ.
1653 1622 1673 1643 »

304 1667 538 1726 Quomodo
561 1684 659 1726 ergo
683 1666 798 1711 intus
819 1667 1044 1730 baptizant
1070 1668 1173 1713 mali
1189 1705 1198 1722 ‚
1226 1669 1302 1731 qui
1326 1669 1541 1716 dimittere
1565 1688 1673 1734 pec-

302 1751 401 1787 cata
423 1756 511 1785 non
537 1739 754 1801 possunt?
774 1737 1008 1793 Quomodo
1029 1738 1159 1783 etiam
1186 1738 1414 1801 baptizant
1432 1740 1566 1785 malos
1588 1759 1675 1786 non

300 1820 515 1864 mutatos,
544 1825 728 1871 quorum
765 1819 946 1870 peecata
971 1808 1118 1854 adhuc
1143 1826 1274 1872 super
1295 1827 1365 1856 eos
1393 1821 1494 1856 sunt
1510 1849 1520 1867 ,
1562 1812 1673 1857 sicut

300 1881 488 1926 Joannes
511 1878 620 1923 dicit
641 1896 650 1922 :
680 1899 700 1918 «
725 1878 813 1934 Qui
837 1878 930 1923 odit
954 1878 1128 1924 fratrem
1156 1897 1280 1925 suum
1302 1918 1312 1937 ,
1337 1881 1382 1926 in
1407 1882 1594 1928 tenebris
1611 1893 1673 1928 est

299 1972 320 1993 »
343 1966 479 2012 usque
504 1947 651 1993 adhuc
667 1946 700 1993 5.
735 1967 756 1987 n
784 1948 829 1992 Si
854 1959 995 1992 autem
1034 1959 1136 1993 tunc
1164 1949 1469 2009 dimittuntur,
1506 1970 1604 1998 cum
1631 1971 1671 1998 se

297 2020 423 2067 bonis
446 2029 488 2064 et
505 2017 650 2077 justis,
675 2034 752 2079 per
775 2033 885 2080 quos
908 2018 953 2061 in
979 2017 1170 2069 Ecclesia
1190 2018 1488 2075 dimittuntur,
1517 2039 1669 2085 quam-

295 2092 359 2138 vis
376 2088 536 2136 amalis
565 2087 775 2150 baptizati
802 2087 903 2143 sint‚
924 2088 1076 2133 intima
1112 2089 1324 2135 charitate
1353 2097 1624 2153 conjungunt
1651 2111 1662 2138 :

296 2165 357 2210 sic
373 2174 415 2209 et
436 2162 520 2208 illis
537 2161 614 2224 qui
641 2160 879 2205 forinsecus
895 2161 1095 2210 veniunt,
1121 2172 1163 2206 et
1187 2162 1240 2206 ad
1265 2164 1459 2210 eamdem
1484 2183 1668 2229 compa-

295 2235 437 2295 ginem
455 2231 650 2295 corporis
672 2231 856 2286 Christi‚
874 2231 1042 2276 interno
1060 2231 1235 2278 vinculo
1262 2235 1382 2295 pacis
1412 2236 1626 2282 accedunt
1653 2256 1663 2282 :

296 2305 540 2367 baptismus
561 2312 704 2346 tamen
732 2301 897 2346 Christi
921 2301 964 2345 in
987 2302 1182 2364 utrisque
1211 2306 1503 2362 agnoscendus
1521 2345 1532 2363 ,
1565 2308 1670 2353 etin

296 2374 426 2421 nullis
464 2371 785 2435 improbandus
807 2382 868 2416 est
889 2408 899 2426 ‚
924 2372 1010 2416 sive
1035 2382 1132 2416 ante
1164 2389 1298 2436 quam
1329 2388 1666 2433 convertantur,

294 2444 492 2510 quamvis
509 2445 567 2488 eis
590 2442 702 2488 nihil
718 2442 872 2505 prosit,
900 2445 991 2487 sive
1015 2460 1115 2488 cum
1140 2455 1470 2503 convertuntur,
1496 2458 1543 2492 ut
1560 2465 1669 2510 pro-

343 2538 468 2569 ¹Prov.
490 2546 556 2571 xcv,
577 2546 608 2574 9,
625 2536 713 2576 juxta
734 2544 808 2566 Lxx.
829 2552 872 2556 —
898 2532 914 2554 ²
935 2530 1049 2565 Mauh.
1072 2544 1100 2574 V,
1127 2535 1178 2568 13.
1202 2555 1241 2559 -—
1270 2533 1283 2557 3
1313 2536 1360 2567 Id.
1393 2548 1497 2569 ,κῃ-111
1513 2562 1522 2578 ‚
1554 2550 1603 2580 19·
1622 2557 1667 2562 —

289 2590 304 2616 4
322 2594 418 2624 Joan.
434 2600 488 2628 xx,
504 2590 558 2620 23.
576 2584 648 2611 -5
672 2597 684 2616 1
708 2589 858 2625 Joan.11‚
880 2598 911 2627 9,
