1894 3154
448 274 620 307 CONTRA
657 274 862 306 mrmzas
898 274 1141 317 Parmam,
1180 276 1268 308 tm.
1310 278 1341 308 1.
1494 260 1586 322 473

221 340 577 388 commemoravit
601 358 611 385 z
642 342 735 386 «Ex
757 339 973 386 fructibus
996 357 1143 386 eorum
1165 342 1428 402 cognoscetis
1450 360 1534 389 eos,
1561 365 1575 381 »

223 413 336 472 Ergo
361 411 529 457 fructus
546 410 880 456 consideremus.
912 409 1119 469 objicitis
1146 412 1451 458 traditionem:
1472 413 1588 458 hanc

220 481 359 544 ipsam
391 479 528 525 multo
551 479 827 542 probabilius
845 479 903 524 eis
921 479 1025 543 ipsis
1049 480 1281 540 objicimus
1298 481 1331 528 1.
1367 484 1423 527 Et
1440 500 1493 527 ne
1512 499 1589 544 per

220 550 358 596 multa
381 565 623 604 curramus,
651 548 695 594 in
719 549 869 594 eadem
891 550 1256 596 Constantiniensi
1288 550 1462 596 civitate
1487 551 1590 613 Syl-

220 636 382 665 vanum
419 619 675 681 episcopum
710 621 892 678 majores
935 619 1062 664 vestri
1098 619 1143 664 in
1175 620 1271 682 ipso
1307 619 1480 665 exordio
1525 620 1591 665 sui

221 689 464 734 schismatis
491 687 817 734 ordinaverunt.
862 689 947 734 Iste
988 705 1089 734 cum
1114 688 1262 735 adhuc
1289 700 1393 735 esset
1415 689 1590 735 subdia-

221 775 371 814 conus,
401 757 768 804 manifestissimus
794 759 977 805 traditor
1000 759 1342 823 municipalibus
1369 760 1507 805 Gestis
1524 777 1590 805 ex-

220 845 390 891 pressus
414 838 488 874 est.
517 828 563 873 Si
580 838 621 872 et
639 845 712 873 vos
731 829 933 875 adversus
960 833 1141 889 majores
1160 840 1328 875 nostros
1352 830 1497 892 aliqua
1515 830 1592 875 do-

221 909 424 944 cumenta
456 897 656 961 profertis
695 915 705 943 :
748 916 871 962 aequa
906 899 1100 945 conditio
1128 899 1401 963 postulatur,
1445 910 1492 945 ut
1518 910 1593 945 aut

221 979 405 1031 utraque
421 984 536 1023 vera,
561 979 636 1013 aut
654 979 837 1031 utraque
858 969 962 1015 falsa
975 987 1061 1015 esse
1079 970 1320 1016 credamus.
1346 970 1390 1014 Si
1411 980 1593 1032 utraque

220 1056 321 1084 vera
341 1049 456 1095 sunt,
476 1055 550 1083 ros
575 1038 671 1083 estis
686 1039 774 1083 sine
798 1039 936 1085 dubio
957 1040 1199 1085 schismatis
1217 1041 1294 1095 rei,
1316 1040 1389 1103 qui
1408 1039 1594 1084 crimina

220 1125 296 1154 vos
320 1107 466 1167 fugere
490 1108 534 1153 in
561 1107 699 1153 totius
721 1109 838 1154 orbis
863 1109 1169 1155 communione
1193 1110 1397 1165 finxistis,
1421 1125 1521 1172 quae
1547 1109 1593 1153 in

220 1178 313 1241 ipsa
340 1177 559 1240 particula
577 1187 731 1223 vestrae
763 1179 1018 1225 concisionis
1049 1179 1293 1226 habebatis.
1339 1180 1414 1224 Sin
1451 1189 1594 1224 autem

221 1259 406 1312 utraque
428 1247 534 1293 filsa
560 1259 684 1303 sunt,
714 1266 789 1294 vos
812 1250 912 1295 estis
944 1250 1033 1295 sine
1064 1249 1202 1295 dubio
1228 1250 1470 1295 schismatis
1502 1250 1562 1296 rei
1580 1286 1591 1306 ‚

220 1319 296 1396 qui
318 1328 497 1380 propter
525 1318 629 1363 falsa
652 1319 834 1364 crimina
858 1320 1152 1365 traditorum
1142 1322 1322 1365 lmmani
1364 1321 1595 1383 separatio—

221 1389 287 1434 nis
310 1389 490 1434 crimine
514 1387 811 1435 maculamini.
843 1390 974 1445 Quod
1011 1390 1045 1434 si
1082 1407 1103 1434 a
1130 1390 1256 1435 nobis
1292 1390 1461 1453 aliqua,
1500 1400 1541 1435 et
1571 1407 1596 1435 a

221 1459 345 1505 vobis
373 1459 519 1514 nulla,
558 1459 626 1504 tel
664 1477 686 1504 a
711 1460 837 1505 nobis
865 1478 962 1505 iera
989 1497 999 1515 ‚
1042 1471 1084 1506 et
1117 1479 1140 1506 a
1163 1461 1288 1506 vobis
1312 1460 1418 1506 falsa
1445 1461 1597 1524 profe-

222 1525 380 1575 r'untur
396 1567 407 1585 ‚
439 1547 528 1575 non
550 1539 613 1574 est
638 1529 965 1576 discutiendum
991 1548 1121 1594 quam
1145 1531 1320 1594 penitus
1355 1543 1495 1578 vestra
1520 1549 1596 1577 ora

223 1599 499 1647 claudantur.

286 1670 446 1717 XXIV.
477 1670 596 1728 Quid
620 1671 654 1717 si
672 1688 746 1717 vos
760 1681 905 1717 sancta
926 1682 966 1716 et
978 1689 1078 1719 vera
1097 1672 1260 1718 Christi
1282 1673 1474 1720 Ecclesia
1486 1691 1596 1720 con-

223 1740 416 1786 vinceret
449 1752 578 1804 atque
606 1752 856 1805 superaret,
884 1741 1014 1787 etiam
1048 1742 1082 1788 si
1113 1760 1190 1789 nos
1214 1744 1335 1789 nulla
1360 1745 1425 1790 vel
1460 1743 1564 1789 falsa
1582 1780 1593 1799 ,

222 1827 297 1857 vos
326 1823 468 1856 autem
493 1811 637 1874 aliqua
660 1822 700 1857 et
716 1829 815 1856 vera
838 1811 1080 1858 traditionis
1097 1812 1358 1859 documenta
1381 1813 1595 1867 tenerem,

222 1879 331 1943 quid
351 1884 443 1939 jam
467 1881 590 1926 vobis
613 1892 756 1936 restet,
783 1881 863 1926 nisi
884 1892 948 1935 ut,
971 1882 1005 1927 si
1025 1882 1173 1937 vultis,
1202 1901 1355 1946 pacem
1381 1884 1595 1944 diligatis;

225 1950 258 1994 si
277 1961 420 1995 autem
446 1968 534 1996 non
552 1951 702 2006 vultis,
738 1951 886 1996 saltem
909 1953 1245 1998 obtumescatis?
1280 1954 1450 1999 Etenim
1473 1971 1601 2018 quae-

224 2036 413 2083 cumque
436 2021 567 2066 modo
586 2021 851 2083 proferretis,
875 2020 1080 2067 facillime
1099 2032 1140 2067 et
1157 2023 1373 2068 verissime
1390 2023 1594 2077 dicerem,

227 2101 330 2135 tunc
350 2091 553 2136 Ecclesiae
573 2091 779 2153 plenariae
800 2102 842 2136 et
863 2091 1094 2137 catholicae
1118 2093 1299 2148 unitati,
1322 2097 1414 2152 jam
1439 2111 1516 2156 per
1530 2104 1595 2138 tot

227 2171 371 2220 gentes
400 2160 567 2206 diffusae
592 2171 720 2223 atque
747 2162 931 2206 firmatae
949 2198 959 2217 ,
982 2178 1058 2207 vos
1076 2179 1123 2207 ea
1149 2164 1339 2240 probare
1363 2163 1560 2209 debuisse
1580 2201 1590 2218 ‚

225 2240 273 2275 ut
290 2247 363 2274 vos
384 2230 501 2275 intus
518 2231 685 2285 essetis,
707 2230 771 2275 illi
797 2241 939 2276 autem
969 2247 1076 2293 quos
1096 2232 1438 2285 convinceretis,
1460 2233 1596 2296 pelle-

223 2309 373 2344 rentur
390 2298 516 2345 foras.
552 2299 683 2355 Quod
715 2299 747 2345 si
770 2300 915 2345 conati
946 2302 1043 2346 estis
1069 2301 1209 2347 facere
1231 2302 1427 2365 ‚procul
1459 2302 1597 2349 dubio

224 2364 412 2441 probare
433 2380 521 2408 non
537 2364 760 2426 potuistis,
787 2376 829 2409 et
850 2365 955 2410 victi
976 2365 1042 2410 vel
1062 2366 1159 2411 irati
1179 2383 1254 2411 vos
1279 2367 1333 2411 ab
1355 2366 1594 2413 innocenti-

225 2434 308 2479 bus
333 2434 409 2497 qui
434 2433 816 2480 damnareincerta
834 2452 923 2480 non
946 2446 1147 2498 possent,
1169 2436 1348 2482 immani
1373 2437 1595 2496 sacrilegio

224 2503 463 2567 separastis.
495 2503 540 2549 Si
566 2515 707 2550 autem
724 2522 803 2551 nec
830 2508 975 2551 conati
991 2506 1088 2551 estis
1111 2506 1157 2551 id
1181 2523 1324 2566 agere,
1346 2507 1474 2552 nimis
1494 2524 1591 2552 exe-

274 2588 384 2619 'Infra
406 2588 459 2619 lib.
481 2590 592 2631 §.cap
619 2590 672 2628 57,
694 2590 750 2629 58,
768 2590 875 2624 etlib.
900 2591 931 2623 3.
953 2596 1061 2622 contra
1080 2591 1183 2622 Cress.
1200 2601 1229 2624 c.
1250 2603 1303 2632 ²9
1318 2596 1348 2623 et
1366 2591 1421 2624 hb
1437 2597 1471 2628 4.
1490 2603 1518 2623 c.
1538 2592 1593 2623 56
