1894 3154
348 242 445 300 34⁹3
774 257 809 288 s.
851 255 1097 288 AUGUSTINI
1130 256 1333 289 EPIscoPI

348 325 476 371 tismo
501 322 553 369 ad
577 340 692 380 eam,
714 323 824 369 sicut
848 323 956 369 dicit
978 323 1243 386 Cyprianus,
1273 324 1449 371 admissi
1466 333 1594 377 sunt3
1624 323 1724 369 alio-

349 396 458 460 quin
484 412 563 441 nec
583 395 790 455 originem
821 412 941 440 suam
962 405 1170 458 poterunt
1193 412 1389 451 asserere,
1418 398 1451 441 si
1478 406 1583 441 tunc
1599 395 1727 457 periit

352 466 566 519 Ecclesia3
592 467 796 529 quoniam
814 466 913 528 plus
935 482 1066 528 quam
1093 465 1381 528 quadraginta
1409 467 1511 512 anni
1532 476 1631 511 sunt
1652 465 1725 510 in-

350 547 412 581 ter
436 536 646 598 Cypriani
663 537 905 598 passionem
927 533 946 563 1
971 545 1012 579 et
1035 535 1283 580 divinorum
1307 536 1510 582 codicum
1535 536 1726 581 exustio-

352 623 450 652 nem
468 642 479 660 ,
518 605 631 649 unde
667 605 736 650 isti
777 604 1095 650 calumniarum
1121 621 1296 649 suarum
1317 605 1458 651 fumos
1475 609 1689 665 jactantes
1712 642 1723 661 ,

348 674 621 720 occasionem
646 674 836 720 faciendi
853 674 1097 719 schismatis
1122 674 1396 732 invenerunt,
1424 676 1536 721 sicut
1557 676 1728 721 Consu-

348 746 440 791 lum
466 744 573 790 ordo
601 744 792 790 declarat
825 762 834 790 :
870 754 998 790 restat
1029 755 1078 789 ut
1103 744 1339 800 fateantur,
1364 746 1483 791 nulla
1508 745 1725 790 malorum

348 819 479 863 etiam
501 818 773 877 cognitorum
795 818 868 863 tali
888 819 1196 864 communione
1214 820 1501 864 contaminari
1519 819 1729 864 unitatem

353 887 532 934 Christi.
568 888 696 943 Quod
720 905 820 933 cum
844 888 942 933 fassi
964 888 1125 933 fuerint
1140 925 1149 942 3
1183 905 1271 933 non
1294 889 1511 934 invenient
1551 905 1723 934 causam

351 975 430 1003 cur
453 975 494 1003 se
530 958 585 1003 ab
611 958 812 1004 Ecclesiis
840 959 957 1004 orbis
993 969 1206 1004 terrarum
1232 996 1242 1014 ‚
1269 976 1377 1022 quas
1396 977 1474 1023 per
1498 959 1730 1022 Apostolos

348 1029 565 1074 institutas
586 1030 749 1091 pariter
768 1029 967 1089 legimus,
986 1028 1188 1093 separare
1207 1029 1404 1075 debuisse
1428 1029 1695 1075 contendant
1717 1047 1727 1074 :

348 1099 452 1162 quia
475 1115 612 1161 neque
626 1098 688 1143 illi
712 1099 1009 1161 quorumlibet
1032 1100 1245 1145 malorum
1266 1100 1571 1145 commixtione
1593 1099 1732 1162 perire

349 1179 616 1233 potuerunt,
646 1180 686 1214 et
708 1170 777 1215 isti
800 1170 877 1233 qui
901 1187 988 1215 non
1012 1171 1203 1233 perirent
1226 1171 1261 1216 si
1286 1187 1385 1216 cum
1403 1170 1486 1215 illis
1503 1171 1548 1215 in
1568 1169 1734 1215 unitate

348 1240 630 1295 mansissent,
655 1240 896 1303 separando
917 1258 959 1285 se
985 1241 1040 1286 ab
1065 1241 1141 1296 eis,
1174 1252 1214 1286 et
1236 1241 1482 1304 rumpendo
1503 1239 1731 1285 vinculum

351 1309 488 1371 paciS‚
516 1310 666 1372 utique
683 1310 728 1355 in
749 1310 980 1356 schismate
1002 1311 1234 1373 perierunt.
1270 1311 1598 1374 Apertissimum
1619 1310 1734 1355 enim

352 1379 621 1438 sacrilegium
664 1382 823 1426 eminet
849 1381 1091 1426 schismatis
1111 1418 1121 1437 ,
1151 1383 1185 1426 si
1213 1381 1331 1427 nulla
1350 1382 1435 1426 fuit
1463 1398 1590 1427 causa
1616 1397 1734 1443 sepa-

350 1449 542 1495 rationis.
571 1450 748 1495 Nullam
774 1467 871 1495 vero
898 1450 1026 1496 fuisse
1056 1469 1231 1497 causam
1261 1451 1543 1514 separationis
1586 1468 1735 1513 appa-

352 1529 442 1573 ret,
468 1518 500 1563 si
536 1519 638 1564 mali
663 1520 793 1565 etiam
819 1521 982 1579 cogniti
1018 1521 1157 1567 bonos
1186 1522 1232 1567 in
1259 1523 1424 1567 unitate
1448 1538 1538 1566 non
1575 1537 1735 1565 macu-

354 1589 459 1635 lant.
502 1590 601 1635 Non
637 1601 780 1636 autem
816 1590 1026 1636 maculari
1062 1592 1106 1637 in
1136 1592 1300 1637 unitate
1338 1592 1508 1647 honos,
1541 1591 1685 1635 -etiam
1713 1607 1737 1635 a

350 1659 531 1719 cognitis
577 1660 700 1706 malis
738 1661 945 1707 docemus
980 1673 1083 1708 teste
1115 1656 1356 1726 Cmeano,
1394 1662 1469 1725 qui
1491 1661 1664 1716 dicit‚«
1689 1660 1735 1704 in

353 1731 627 1793 praeteritum
651 1731 704 1776 de
729 1732 883 1778 haeresi
913 1732 967 1778 ad
997 1733 1232 1779 Ecclesiam
1260 1734 1475 1779 venientes
1501 1732 1588 1776 sine
1615 1731 1732 1792 bap-

350 1801 478 1846 tismo
501 1801 706 1848 admissos
730 1821 740 1848 :
766 1825 786 1844 »
812 1821 1002 1866 quorum
1020 1815 1162 1849 tamen
1181 1805 1344 1850 nefaria
1368 1802 1588 1862 sacrilegia
1603 1839 1612 1857 ,
1637 1817 1737 1863 quae

355 1888 485 1933 super
512 1889 582 1916 eos
607 1884 746 1928 erant,
774 1875 875 1936 quia
895 1875 1116 1936 baptismo
1136 1875 1310 1919 dimissa
1331 1891 1417 1919 non
1435 1882 1573 1927 erant,
1595 1871 1627 1916 si
1642 1870 1738 1933 pol-

350 1939 466 1985 luere
481 1952 521 1986 et
535 1941 712 2004 perdere
729 1959 818 1987 non
831 1954 1068 2005 potuerunt
1085 1944 1289 1988 Ecclesiae
1308 1944 1594 1990 sanctitatem,
1610 1939 1731 1985 nulla

351 2011 566 2056 malorum
586 2014 993 2074 potestcontagione
1007 2014 1159 2076 perire.
1184 2013 1471 2076 Quapropter
1491 2012 1524 2056 si
1548 2010 1734 2072 Cypria-

350 2098 455 2126 num
477 2099 626 2127 verum
646 2082 796 2128 dixisse
814 2084 1109 2139 consentiunt,
1137 2101 1186 2129 eo
1209 2094 1312 2128 teste
1336 2083 1575 2128 vincuntur
1593 2081 1638 2125 in
1654 2079 1736 2124 cri-

352 2152 466 2196 mine
493 2152 769 2198 schismatis:
800 2154 835 2199 si
870 2154 1143 2216 Cyprianum
1177 2153 1333 2198 falsum
1363 2153 1512 2197 dixisse
1549 2160 1736 2195 conten-

353 2221 481 2276 dunt,
510 2238 559 2266 eo
580 2233 683 2268 teste
702 2241 791 2268 non
816 2234 997 2269 utantur
1013 2224 1058 2268 in
1076 2224 1316 2286 quaestione
1336 2221 1630 2285 baptismatis,

416 2293 474 2337 Π.
507 2291 592 2337 Sed
616 2310 733 2338 nunc
757 2293 880 2357 quod
907 2311 1008 2339 cum
1034 2294 1162 2338 beato
1190 2293 1413 2356 Cypriano
1447 2291 1624 2337 homine
1646 2307 1733 2352 pa-

353 2361 478 2406 cifico
498 2363 779 2408 sermocinari
808 2364 1074 2409 instituimus
1094 2401 1104 2418 ‚
1131 2379 1377 2426 pergamus,
1415 2361 1625 2417 Quicum
1653 2359 1738 2404 sibi

353 2431 641 2493 opposuisset,
669 2433 788 2495 quod
808 2433 897 2478 dici
924 2451 946 2478 a
969 2433 1177 2479 fratribus
1201 2442 1404 2487 noverat,
1445 2452 1465 2472 <c
1493 2430 1612 2486 Quid
1636 2445 1735 2487 ergo

353 2500 427 2549 fiet
450 2499 504 2545 de
535 2502 621 2558 his,
648 2503 725 2565 qui
758 2505 803 2548 in
831 2504 1107 2567 praeteritum
1141 2503 1195 2550 ad
1220 2502 1462 2551 Ecclesiam
1497 2500 1550 2548 de
1580 2498 1735 2550 haeresi

406 2588 417 2612 ¹
434 2588 516 2622 Vide
532 2588 615 2623 iufra
631 2590 689 2628 lib,
707 2602 768 2634 vu,
782 2603 852 2637 cap,
879 2604 911 2624 2.
