1894 3154
333 270 418 318 190
746 267 784 295 S.
823 263 1067 295 AUGUSTINI
1099 262 1305 294 EPISCOPI

392 334 486 380 XL,
517 353 538 374 «
559 332 721 376 Iterum
743 328 798 375 ad
817 327 1101 374 Timotheum
1127 326 1241 373 idem
1264 327 1496 390 Apostolus
1519 343 1530 372 t
1567 348 1587 368 «
1607 327 1697 385 Ne,

329 429 350 449 »
370 404 538 468 inquit,
566 400 952 448 communicaveris
972 399 1162 462 peccatis
1181 399 1328 444 alienis
1347 436 1356 455 ,
1385 409 1422 444 te
1441 399 1583 462 ipsum
1604 416 1702 445 cas-

330 499 350 519 »
372 488 463 521 tum
482 471 694 520 custodi1.
720 494 738 512 »
757 471 918 516 Docuit
936 488 982 515 ex
1000 469 1305 533 consequenti,
1331 469 1702 534 quemadmodum

329 546 447 612 quod
473 545 593 608 prius
617 543 750 597 dixit,
788 540 1116 600 intelligendum
1145 541 1212 586 sit.
1240 541 1328 596 Qui
1353 541 1467 585 enini
1493 557 1534 585 se
1560 540 1704 603 ipsum

330 628 495 663 castum
515 624 676 668 servat,
700 630 787 657 non
805 612 1100 657 communicat
1124 612 1312 674 peccatis
1335 610 1494 658 alienis.
1527 611 1572 656 Si
1590 611 1705 656 enim

331 685 646 737 communicat,
675 681 894 727 consentit
921 699 931 725 :
961 681 994 725 si
1021 681 1261 736 consentit,
1304 681 1604 744 corrumpitur
1628 698 1638 725 :
1672 680 1707 725 si

331 753 656 817 corrumpitur,
691 762 859 797 castum
896 767 937 795 se
969 767 1055 795 non
1081 761 1234 797 servat.
1284 751 1367 796 Sed
1397 769 1497 797 sane
1531 749 1706 796 tandem

334 824 566 888 aliquando
584 821 803 881 evigilavit
820 820 1158 875 Parmefflanus,
1184 832 1225 866 et
1250 821 1433 866 attendit
1452 820 1560 884 quid
1585 820 1707 866 dice-

333 907 397 942 ret
421 893 661 940 'tichonius
677 929 687 947 ,
713 891 783 937 sed
802 891 959 936 frustra
980 908 990 935 :
1018 892 1162 935 statim
1187 892 1354 955 quippe
1379 908 1522 936 amore
1539 900 1708 936 senten-

334 967 407 1012 tiae
444 982 534 1011 suae
581 972 731 1009 contra
768 963 988 1006 veritatem
1031 961 1180 1007 oculos
1221 962 1391 1008 clausit.
1439 962 1511 1007 Ait
1551 962 1664 1007 enim
1694 978 1704 1005 ε

335 1059 355 1078 α
374 1034 601 1097 Numquid
621 1070 631 1088 ,
658 1033 788 1077 frater
813 1031 1086 1086 charissime,
1109 1049 1196 1076 non
1220 1031 1426 1095 polluunt
1447 1031 1550 1077 alios
1574 1031 1710 1077 aliena

335 1115 513 1169 peccata
534 1141 544 1157 ‚
573 1114 615 1148 et
642 1103 729 1148 hoc
758 1112 818 1146 est
844 1101 1094 1146 facinorosis
1123 1119 1209 1146 non
1243 1102 1589 1156 communicare,
1610 1101 1712 1146 licet

336 1194 435 1222 cuni
457 1174 559 1238 ipsis
576 1173 825 1224 convenias,
846 1189 994 1217 eorum
1017 1171 1130 1217 facta
1152 1189 1237 1217 non
1256 1172 1426 1217 facere?
1449 1194 1467 1213 ›)
1493 1173 1548 1216 Et
1570 1182 1711 1217 tamen

337 1265 423 1293 non
448 1256 587 1291 totum
608 1244 728 1289 dixit.
754 1244 915 1288 Parum
932 1252 995 1286 est
1013 1243 1125 1286 enim
1145 1259 1293 1287 eorum
1316 1242 1429 1288 facta
1450 1260 1538 1287 non
1552 1241 1707 1299 facere,

337 1318 417 1363 nisi
441 1315 700 1378 displiceant
735 1331 745 1358 ε
786 1330 943 1375 parum
977 1323 1037 1357 est
1075 1323 1123 1357 ut
1147 1311 1432 1376 displiceant,
1456 1313 1537 1358 nisi
1560 1315 1712 1358 redar-

338 1397 538 1448 guantur.
572 1383 701 1430 Aliud
726 1383 838 1428 enim
866 1394 926 1428 est
950 1382 1195 1428 nonfacere
1213 1420 1222 1436 ,
1252 1383 1368 1428 aliud
1397 1401 1482 1428 uon
1509 1399 1712 1428 commu-

338 1459 510 1512 nicare,
539 1455 583 1500 id
609 1465 671 1500 est
689 1492 698 1510 ,
727 1472 812 1499 non
849 1453 1089 1498 consentire
1115 1453 1374 1499 facientibus
1392 1491 1402 1507 ,
1444 1453 1561 1499 aliud
1585 1454 1713 1499 etiam

338 1528 608 1587 redarguere.
634 1527 725 1570 Cur
743 1541 844 1584 ergo
864 1524 941 1568 ubi
960 1523 1102 1569 videre
1121 1535 1342 1587 coeperat,
1373 1524 1516 1569 statim
1537 1541 1578 1569 se
1596 1541 1713 1570 aver-

339 1599 418 1653 tit,
448 1608 490 1642 et
516 1613 649 1659 usque
675 1596 719 1640 in
743 1596 871 1640 finem
903 1594 1043 1639 noluit
1076 1595 1327 1656 pervenire,
1354 1604 1395 1639 et
1418 1594 1483 1640 vix
1517 1595 1712 1640 trientem

339 1669 392 1714 de
411 1678 501 1714 toto
520 1666 695 1730 posuit?
723 1667 786 1710 An
818 1665 930 1710 sicut
953 1664 1006 1709 de
1029 1663 1198 1727 populo
1229 1664 1425 1710 fecerunt
1444 1702 1454 1720 ,
1478 1675 1518 1709 et
1542 1675 1716 1710 senteu-

339 1740 441 1784 tiam
460 1737 652 1783 veritatis
673 1734 998 1799 prircidendam
1024 1733 1226 1796 putavit?
1254 1735 1340 1779 Nos
1361 1733 1545 1780 dicimus
1562 1771 1571 1789 ,
1595 1734 1716 1798 quod

341 1810 522 1872 quinon
551 1807 656 1852 facit
690 1805 849 1850 malum
872 1841 881 1860 ‚
915 1821 992 1849 nec
1020 1804 1193 1848 facienti
1220 1804 1463 1859 consentit,
1493 1804 1715 1849 etfacicn-

342 1890 427 1925 tem
455 1878 625 1938 arguit,
651 1878 802 1921 firmus
826 1886 954 1938 atque
982 1875 1147 1934 integer
1170 1875 1281 1919 inter
1309 1875 1481 1937 iniquos
1508 1886 1716 1938 tanquam

340 1950 605 1995 frumentum
632 1947 743 1991 inter
764 1945 908 2008 paleas
934 1954 1225 1990 conversatur.
1251 1943 1328 1988 ille
1348 1955 1490 1989 autem
1520 1954 1716 1989 tantum-

342 2019 472 2065 modo
497 2018 554 2064 ait
576 2035 586 2062 :
615 2038 635 2058 α
656 2017 816 2061 Eorum
835 2014 947 2059 facta
970 2031 1057 2059 nou
1082 2013 1234 2061 facere.
1266 2036 1284 2055 n
1304 2014 1358 2059 Et
1380 2015 1546 2060 tertiam
1574 2025 1716 2060 tamen

343 2090 396 2135 de
420 2100 509 2134 tota
538 2086 746 2133 sententia
769 2084 1032 2148 particulam
1061 2084 1433 2147 quemadmodum
1459 2085 1624 2131 refellat
1646 2085 1716 2131 ri-

343 2183 363 2203 »
385 2160 574 2205 fleamus.

408 2230 524 2275 XLI.
556 2249 574 2269 α
601 2226 730 2284 Quod
750 2236 899 2272 contra
923 2225 1053 2285 legem
1077 2242 1162 2270 esse.
1187 2225 1377 2271 divinam
1398 2263 1408 2281 ,
1438 2225 1714 2289 inquit‚nul-

343 2300 410 2346 lus
444 2300 518 2363 qui
548 2299 683 2358 legem
720 2307 975 2352 veneratur,
1009 2296 1194 2355 ignorat.
1220 2318 1239 2336 >³
1275 2297 1432 2342 Adhuc
1464 2298 1542 2342 ista
1583 2297 1715 2342 verba

343 2370 631 2417 communiter
654 2368 740 2414 dici
773 2379 970 2431 possunt.
1003 2369 1149 2412 Potest
1181 2367 1293 2412 enim
1319 2378 1360 2412 et
1393 2368 1498 2413 alius
1533 2367 1710 2413 dicere:

341 2465 361 2483 «
389 2440 517 2498 Quod
538 2439 694 2484 secund
704 2456 773 2483 um
794 2438 928 2498 legem
949 2456 1036 2483 esse
1060 2437 1251 2483 divinam
1267 2475 1277 2493 ,
1313 2437 1459 2483 nullus
1479 2438 1555 2500 qui
1577 2438 1715 2498 legem

340 2521 565 2559 veneratur
587 2510 767 2570 ignorat.
797 2531 814 2550 υ
843 2509 926 2555 Sed
952 2526 1061 2573 opus
1097 2519 1157 2555 est
1186 2509 1402 2572 probare,
1435 2526 1524 2555 non
1553 2508 1709 2555 dicere.

384 2597 393 2619 ¹
419 2608 429 2626 1
456 2598 533 2626 lini.
555 2605 583 2632 v,
614 2605 671 2627 22,
1671 2594 1693 2606 ’
