1894 3154
0 1875 10 2499 *ss-h—<ffm-0m-—-——ni-—2*.

304 262 478 294 CONTRA
513 262 759 296 EPISTOLAM
796 261 1093 304 PARMENIANI,
1131 263 1218 295 Lm.
1261 265 1332 296 111.
1432 265 1528 314 217

160 328 345 375 invicem
372 327 620 374 danmando
651 327 858 374 ventilare
888 331 1127 374 conentur?
1156 330 1379 376 Potuit-ne
1402 331 1531 394 palea.

160 398 383 462 baptizare
406 397 649 444 frumenta?
674 397 722 443 Si
748 397 911 461 potuit,
935 414 1014 444 cur
1036 416 1135 458 ergo
1154 399 1309 445 dicunt
1328 418 1339 445 ι
1366 422 1386 441 «
1409 400 1529 457 Quid

161 469 333 532 »paleis
357 468 411 514 ad
429 467 623 513 triticum
640 471 659 514 9
678 489 698 510 ›>
719 468 764 514 Si
785 479 927 513 autem
943 485 1031 513 non
1051 470 1220 531 potuit,
1249 487 1329 516 cur
1347 470 1530 515 Felicia-

160 556 241 583 nus
266 555 366 584 cum
404 537 516 584 inter
540 537 685 601 paleas
719 537 1133 584 Maximianistarum
1171 538 1286 585 foras
1320 539 1525 595 volasset,

161 619 379 671 quotquot
396 608 466 654 ille
492 607 754 671 baptizavit,
782 625 882 654 cum
902 625 951 653 eo
973 625 1120 654 rursus
1138 609 1192 655 ad
1211 627 1392 655 massam
1409 609 1530 655 illam

160 679 511 741 purgatissimam
543 679 792 735 redierunt‚
827 690 869 725 et
898 696 1044 725 omnes
1069 680 1185 726 intus
1209 697 1279 726 eos
1302 698 1419 727 nunc
1446 681 1531 727 lia-

159 750 290 804 bent,
317 761 358 795 et
381 750 466 796 sibi
487 767 575 795 non
606 750 760 796 dicunt
780 768 790 795 :
818 772 838 792 α
858 750 978 806 Quid
1003 751 1138 815 paleis
1161 751 1212 797 ad
1234 752 1458 797 triticum?
1478 772 1498 792 »

225 820 346 866 XIX.
398 819 496 864 Jam
536 837 636 879 ergo
671 820 874 880 evigilent
915 820 1146 884 aliquando
1165 858 1174 874 ,
1214 832 1254 866 et
1289 820 1532 879 intelligant

160 889 530 952 quemadmodum
555 890 778 952 Propheta
799 890 951 935 dixerit
974 907 983 934 ε
1021 912 1041 931 α
1063 890 1180 946 Quid
1205 891 1338 954 paleis
1370 890 1424 936 ad
1451 890 1530 935 tri-

162 979 183 999 »
204 959 366 1005 ticum?
387 980 407 1000 »
427 959 644 1018 Ubilenim
664 959 837 1005 dicatur
855 958 1151 1015 considerent,
1171 960 1205 1004 si
1220 961 1277 1006 eis
1292 960 1400 1005 inest
1419 975 1533 1022 qua-

160 1027 402 1091 liscumque
416 1045 559 1073 sensus
577 1028 809 1075 humanus.
837 1029 1061 1091 Numquid
1078 1029 1121 1074 in
1141 1046 1242 1088 agro
1258 1029 1345 1075 dici
1362 1039 1528 1092 potest:

161 1118 180 1140 α
202 1098 321 1154 Quid
342 1097 475 1161 paleis
499 1097 553 1143 ad
590 1099 783 1144 triticum
800 1135 810 1155 ,
836 1119 856 1140 »
886 1099 1062 1162 quando
1089 1099 1238 1146 eadem
1258 1099 1405 1145 radice
1423 1116 1532 1162 por-

162 1168 363 1215 tanturm
387 1168 613 1231 Numquid
634 1169 678 1214 in
699 1186 818 1224 area,
848 1169 923 1214 ubi
947 1169 1108 1232 pariter
1134 1170 1422 1215 triturantur?
1448 1168 1532 1214 Sed

162 1238 314 1302 utique
343 1239 388 1283 in
416 1238 605 1284 horreo:
642 1238 802 1295 «Quid
836 1239 970 1302 paleis
1000 1238 1054 1284 ad
1089 1240 1313 1285 triticum?
1334 1260 1353 1280 >2
1383 1238 1534 1283 Veniet

160 1308 275 1353 enim
299 1307 370 1353 ille
391 1307 697 1371 paterfamilias
730 1307 868 1353 ferens
891 1309 1184 1354 ventilabrum
1206 1309 1250 1353 in
1278 1324 1410 1353 manu
1429 1324 1502 1353 sua
1518 1344 1530 1363 ‚

162 1388 204 1423 et
229 1377 462 1424 mundabit
497 1394 636 1423 aream
668 1395 789 1423 suam
809 1416 820 1434 ‚
857 1379 1075 1424 frumenta
1105 1378 1310 1423 recondet
1343 1378 1388 1423 in
1424 1377 1534 1423 hor-

162 1464 310 1503 reum,
348 1448 515 1511 paleam
544 1465 644 1494 vero
677 1448 906 1494 comburet
937 1449 1034 1508 igne
1061 1447 1390 1508 inextinguibili.
1422 1447 1534 1492 Nam

162 1535 241 1581 per
264 1517 391 1563 aliam
416 1517 742 1563 similitudinem
773 1535 900 1563 omne
933 1519 1127 1564 triticum
1152 1519 1297 1564 ovium
1331 1516 1503 1562 nomine
1520 1553 1530 1571 ,

164 1587 302 1633 omnis
322 1586 443 1650 palea
466 1587 702 1632 hoedorum
728 1588 902 1633 nomine
919 1588 1186 1647 significatur
1203 1625 1213 1644 ‚
1236 1604 1336 1651 qua:
1354 1587 1442 1632 duo
1459 1603 1534 1649 pe-

164 1675 314 1703 corum
339 1675 488 1716 genera
510 1657 680 1703 interim
701 1659 909 1721 permixta
933 1660 1015 1704 sub
1041 1675 1127 1704 uno
1150 1669 1320 1721 ‘pastore
1342 1674 1535 1721 pascun-

165 1738 250 1774 tur.
292 1749 312 1769 «
343 1727 427 1773 Sed
465 1729 634 1784 veniet,
670 1729 833 1792 inquit,
872 1729 1003 1774 Filius
1028 1729 1217 1774 bominis
1241 1746 1342 1774 cum
1364 1728 1533 1788 Angelis

165 1819 186 1839 υ
204 1797 291 1843 suis
305 1835 315 1854 ‚
345 1808 387 1844 et
409 1799 788 1858 congregabuntur
809 1809 906 1844 ante
924 1816 1022 1844 eum
1048 1816 1195 1844 omnes
1213 1810 1376 1858 genteS‚
1402 1808 1444 1844 et
1465 1815 1534 1843 se-

165 1868 380 1930 »parabit
403 1884 473 1914 eos
503 1869 557 1913 ab
593 1869 777 1914 invicem
798 1907 808 1925 ‚
843 1870 954 1916 sicut
982 1879 1130 1932 pastor
1153 1879 1322 1932 separat
1350 1885 1448 1914 oves
1478 1867 1534 1913 ab

166 1937 350 1983 »hoedis
374 1955 384 1982 :
411 1947 452 1983 et
473 1954 571 1983 oves
594 1938 770 2001 quidem
788 1950 921 2002 ponet
944 1939 997 1985 ad
1019 1939 1233 1984 dexteram
1248 1975 1259 1994 ,
1284 1938 1443 1983 hoedos
1461 1954 1535 1983 au-

166 2028 188 2050 »
208 2018 290 2054 tem
312 2007 366 2055 ad
383 2008 613 2054 sinistram.
638 2010 695 2053 Et
720 2008 834 2054 dicet
856 2009 906 2054 iis
929 2010 1005 2072 qui
1035 2027 1057 2054 a
1087 2007 1242 2054 dextris
1261 2012 1350 2068 ejus
1371 2018 1497 2053 erunt
1519 2025 1530 2053 ε

167 2099 187 2120 »
205 2078 380 2133 Venite,
417 2077 637 2123 benedicti
667 2079 809 2124 Patris
837 2079 946 2134 mei,
968 2079 1180 2142 percipite
1212 2094 1391 2137 regnum
1416 2077 1535 2140 quod

167 2170 188 2190 »
205 2149 329 2194 vobis
357 2159 556 2211 paratum
577 2159 638 2193 est
663 2150 718 2194 ab
745 2150 868 2194 initio
897 2149 1062 2194 mundi.
1095 2148 1184 2192 lllis
1211 2158 1349 2193 autem
1374 2147 1451 2210 qui
1480 2147 1536 2193 ad

168 2240 189 2260 »
208 2218 421 2263 sinistram
443 2218 557 2263 dicet
579 2236 589 2262 ι
614 2220 695 2274 Ite,
722 2219 960 2275 maledicti,
987 2219 1031 2263 in
1049 2219 1188 2277 ignem
1211 2228 1439 2273 aeternum,
1460 2216 1537 2280 qui

167 2298 386 2351 »paratus
408 2299 470 2332 est
495 2287 673 2332 diabolo
698 2299 739 2333 et
767 2288 925 2348 angelis
948 2288 1077 2347 ejus‘2.
1104 2308 1123 2328 >>
1159 2288 1286 2332 Tune
1319 2303 1420 2346 ergo
1448 2287 1537 2331 im-

166 2357 311 2420 pletur
335 2358 568 2421 prophetia
593 2375 602 2402 ε
632 2379 651 2398 α
670 2359 789 2415 Quid
820 2358 954 2420 paleis
980 2357 1032 2403 ad
1065 2357 1290 2402 triticum?
1313 2379 1332 2398 ›>
1358 2356 1536 2420 quando

168 2427 316 2472 hoedis
343 2439 384 2472 et
419 2428 573 2473 ovibus
599 2446 685 2474 non
717 2440 859 2492 potest
886 2445 1045 2491 pascua
1082 2445 1167 2473 esse
1197 2427 1452 2473 communis.
1491 2427 1536 2472 Si

169 2508 351 2560 possunt
380 2498 519 2562 pisces
541 2498 645 2543 boni
676 2499 872 2561 piscibus
896 2498 1019 2544 malis
1051 2498 1162 2542 intra
1191 2497 1309 2544 illam
1337 2513 1536 2558 sagenam

218 2582 362 2619 lMauh·
380 2594 435 2622 111,
452 2595 488 2613 12
517 2601 561 2606 —
577 2581 742 2618 21d.xu·,
762 2584 878 2619 31-32,
