1894 3154
311 214 403 269 426
732 230 768 268 s.
810 229 1054 260 AUGUSTINI
1089 229 1293 261 EPISCOPI

306 293 594 350 mortalitate,
629 304 833 357 tanquam
859 294 904 338 in
935 294 1169 354 caliginosa
1193 296 1310 341 nube
1335 295 1581 342 laborantes
1597 333 1607 349 ‚
1634 305 1682 340 ut

307 362 496 408 donante
519 364 708 408 Domino
725 401 736 419 ,
763 374 976 426 quantuni
1006 381 1234 426 possumus
1253 402 1264 419 ‚
1287 366 1403 410 bona
1423 369 1513 425 ejus
1539 365 1683 410 imite-

307 450 420 477 mur.
453 434 497 478 Si
515 433 623 496 quid
647 444 790 479 autern
813 433 933 478 aliter
953 434 1104 489 sensit,
1127 445 1169 479 et
1194 435 1459 497 quibusdam
1475 434 1683 480 fratribus

309 502 565 566 collegisque
593 503 827 566 persuasit,
856 502 975 565 quod
999 520 1116 548 nunc
1148 521 1196 549 eo
1222 521 1350 566 quem
1384 504 1532 550 dilexit
1560 520 1683 550 reve—

308 573 425 618 lante
435 577 526 632 jam
546 575 704 625 cernit,
726 590 802 618 nos
821 572 946 631 longe
963 572 1149 634 impares
1167 575 1326 618 meritis
1345 575 1453 630 suis,
1479 574 1686 620 Ecclesiae

310 653 454 686 tamen
491 642 725 687 catholicae
762 642 1064 688 auctoritatem
1084 680 1095 698 ,
1134 647 1257 702 cujus
1282 644 1373 706 ipse
1403 644 1621 704 egregium
1647 654 1688 689 et

311 712 596 757 clarissimum
616 711 861 757 membrum
882 722 942 757 cst
960 749 971 767 ,
991 729 1072 774 pro
1091 723 1236 757 nostra
1254 713 1504 758 infirmitate
1523 724 1689 759 sectan-

313 793 372 827 tes
386 820 396 837 ,
421 782 622 827 adversus
640 783 869 827 liaereticos
886 782 952 828 vel
976 783 1276 829 schismaticos
1295 784 1530 829 enodemus
1552 802 1561 828 :
1583 800 1691 846 quos

312 853 518 916 praecisos
546 854 599 899 ab
626 853 791 898 unitate
814 870 945 916 quam
979 854 1136 907 tenuit,
1174 865 1214 899 et
1239 865 1474 900 arescentes
1500 872 1522 899 a
1542 854 1692 899 chari-

315 935 401 968 tate
427 941 512 986 qua
530 924 693 984 viguit,
721 935 762 969 et
779 924 945 986 elapsos
965 924 1019 969 ab
1039 923 1285 971 humilitate
1307 943 1391 988 qua
1409 925 1523 970 stetit
1539 962 1550 980 ‚
1573 935 1693 970 tanto

315 994 501 1057 amplius
524 995 750 1058 improbat
771 1006 899 1058 atque
916 994 1206 1051 condemnat,
1228 1006 1391 1058 quanto
1414 995 1547 1054 magis
1571 995 1695 1040 novit

315 1083 385 1111 eos
409 1065 463 1109 ad
488 1065 784 1111 insidiandum
804 1065 1065 1128 perscrutari
1084 1066 1189 1111 velle
1211 1066 1330 1129 quod
1354 1066 1551 1128 scripsit,
1578 1075 1620 1110 et
1640 1065 1695 1110 ad

316 1135 644 1199 pacificandum
669 1136 829 1181 imitari
854 1134 966 1181 nolle
991 1136 1110 1199 quod
1141 1137 1256 1183 fecit.
1299 1137 1424 1182 Sicut
1449 1136 1511 1181 illi
1548 1136 1625 1199 qui
1654 1152 1696 1180 se

320 1206 590 1251 Christianos
615 1207 855 1252 Nazarenos
882 1217 1066 1262 vocant,
1091 1218 1131 1253 et
1155 1225 1273 1252 more
1297 1207 1484 1252 Juda‘l'co
1505 1205 1696 1252 carnalia

317 1277 536 1339 praeputia
563 1276 916 1331 circumcidunt,
955 1277 1046 1322 nati
1062 1277 1258 1323 haeretiei
1287 1295 1334 1323 ex
1365 1277 1441 1322 illo
1477 1294 1620 1322 errore
1652 1277 1697 1321 in

318 1363 447 1409 quem
480 1348 632 1392 Petrus
658 1347 834 1392 devians
854 1365 877 1392 a
902 1347 1040 1392 Paulo
1065 1358 1290 1393 revocatus
1317 1358 1401 1402 est,
1431 1346 1485 1391 ad
1508 1347 1597 1391 huc
1619 1363 1690 1390 us-

319 1434 402 1479 que
423 1417 657 1480 persistunt
682 1436 691 1463 ε
719 1418 829 1464 sicut
853 1435 951 1477 ergo
972 1418 1035 1463 illi
1056 1419 1183 1463 Petro
1207 1418 1252 1463 in
1286 1418 1478 1480 primatu
1507 1419 1699 1480 Aposto-

319 1486 460 1532 lorum
482 1489 678 1551 martyrii
696 1489 830 1549 gloria
852 1487 1107 1543 coronatoff,
1131 1489 1175 1533 in
1196 1505 1270 1533 sua
1285 1487 1566 1551 perversitate
1586 1503 1700 1549 prae-

321 1557 395 1601 cisi
435 1558 488 1601 ab
530 1558 723 1603 Ecclesia
771 1568 1093 1603 remanserunt:
1138 1558 1198 1603 sic
1240 1558 1309 1602 isti
1354 1557 1579 1620 Cypriane
1622 1573 1701 1619 per

323 1627 639 1673 abundantiam
677 1628 901 1674 charitatis
937 1628 981 1673 in
1013 1639 1171 1673 sortem
1207 1639 1454 1673 sanctorum
1490 1626 1699 1690 passionis

323 1697 516 1743 claritate
537 1710 738 1762 suscepto
756 1737 766 1755 ,
791 1717 832 1744 se
850 1699 966 1762 ipsos
992 1699 1130 1743 exules
1159 1698 1336 1743 unitatis
1366 1707 1632 1757 agnoscunt,
1660 1706 1702 1741 et

323 1778 473 1814 contra
500 1769 677 1814 unitatis
699 1770 885 1833 patriam
910 1785 991 1832 pro
1012 1769 1097 1814 suis
1120 1768 1349 1814 calumniis
1368 1768 1503 1812 civem
1526 1765 1702 1811 unitatis

323 1849 570 1900 opponunt.
602 1840 701 1884 Jam
731 1839 878 1902 itaque
912 1849 1089 1884 caeteras
1118 1838 1232 1884 illius
1264 1837 1439 1883 concilii
1475 1835 1703 1882 sententias

322 1907 471 1953 eadem
492 1909 657 1954 ratione
679 1909 916 1956 videamus.

393 1979 450 2025 H.
488 1980 659 2025 Marcus
684 1999 705 2026 a
733 1981 919 2025 Mactari
947 1980 1053 2025 dixit
1079 1998 1089 2024 ε
1118 2001 1136 2020 «
1159 1979 1410 2024 Mirandum
1435 1996 1523 2024 non
1550 1988 1641 2033 est,
1669 1977 1705 2022 si

323 2049 517 2095 haeretiei
562 2050 707 2095 hostes
752 2061 880 2114 atque
912 2050 1236 2113 impugnatores
1274 2048 1464 2094 veritatis
1493 2048 1577 2093 sibi
1614 2064 1704 2092 rem

324 2118 550 2165 vindicant
580 2120 802 2183 potestatis
834 2131 876 2166 et
904 2119 1165 2179 dignationis
1191 2119 1340 2165 alienae
1364 2137 1374 2164 ε
1402 2117 1511 2163 illud
1537 2118 1704 2164 miran-

325 2189 431 2235 dum
456 2201 545 2245 est,
590 2191 709 2253 quod
745 2191 925 2254 quidam
960 2191 1094 2236 nostri
1124 2190 1477 2253 praevaricatores
1515 2188 1706 2235 veritatis

324 2259 542 2305 haereticis
562 2261 870 2321 suffragantur,
892 2272 933 2306 et
953 2261 1215 2306 Christianis
1235 2260 1535 2306 adversantur.
1565 2260 1705 2321 Prop-

328 2340 439 2374 terea
458 2329 730 2376 decernimus
756 2331 986 2376 haereticos
1008 2330 1296 2394 baptizandos
1322 2347 1422 2376 esse.
1450 2351 1470 2370 2>

392 2400 475 2445 Ill.
514 2400 633 2445 Huic
666 2401 977 2464 respondemus
1001 2419 1011 2446 :
1051 2403 1146 2446 Imo
1173 2401 1306 2459 magis
1334 2399 1581 2461 mirandum
1611 2408 1702 2453 est,

328 2479 370 2514 et
393 2486 548 2529 magna
565 2470 694 2518 laude
717 2471 1055 2536 praedicandum
1072 2509 1083 2530 ‚
1105 2470 1225 2536 quod
1248 2481 1420 2517 tantum
1450 2469 1520 2517 isti
1543 2468 1704 2515 dilexe-

378 2554 388 2576 1
410 2556 515 2588 Galat.
534 2567 574 2595 11,
594 2567 644 2589 11.
