1894 3154
600 306 654 334 DE
689 304 944 345 TRINITATE,
983 306 1070 336 LiB.
1116 307 1208 336 XIV.
1563 308 1587 354 7

220 370 323 415 fides
345 370 447 426 erit,
468 386 554 433 qua
574 368 807 414 credantur
825 385 925 432 quae
948 385 1036 414 non
1058 369 1261 414 videntur
1278 390 1289 423 ;
1309 371 1382 416 sed
1401 372 1562 434 species
1576 409 1588 428 ‚

217 456 302 503 qua
316 440 544 486 videantur
555 457 656 504 quae
668 439 973 486 credebantur.
993 441 1028 484 T
1035 456 1119 484 unc
1134 457 1233 499 ergo
1247 441 1324 485 etsi
1340 441 1441 486 vitae
1458 441 1593 501 huJ‘us

218 510 411 555 mortalis
433 517 660 556 transacta-:¹
687 510 1033 565 meminerimus,
1063 521 1105 554 et
1139 510 1369 555 credidisse
1397 527 1475 555 nos
1511 510 1595 556 ali-

210 580 386 643 quando
411 598 511 643 quae
541 597 626 625 non
656 579 930 635 videbamus,
968 581 1214 625 memoriter
1245 580 1553 625 recoluerimus
1572 616 1583 636 ,

213 650 258 695 in
278 651 505 713 praeteritis
526 661 653 713 atque
677 650 900 695 transactis
929 649 1216 712 deputabitur
1239 650 1344 695 fides
1366 651 1446 695 ista
1462 687 1473 706 ,
1501 667 1591 695 non

217 720 260 764 in
286 721 575 783 praesentibus
592 721 721 765 rebus
743 737 997 783 semperque
1019 720 1318 765 manentibus:
1342 737 1390 765 ac
1410 737 1488 784 per
1507 721 1595 766 hoc

217 790 344 835 etiam
371 791 541 836 trinitas
556 791 636 836 ista
654 826 664 845 ,
695 807 793 852 quae
824 790 1006 835 nuncin
1032 790 1224 849 ejusdem
1247 789 1348 835 fidei
1370 791 1594 853 praesentis

218 877 266 905 ac
304 861 516 905 manentis
556 860 787 914 memoria,
834 860 1057 915 contuitu,
1098 859 1329 904 dilectione
1373 859 1593 915 consistit,

221 939 321 974 tunc
351 940 564 975 transacta
595 940 636 974 et
659 930 878 992 praeterita
902 930 1139 992 reperietur
1162 945 1247 973 esse
1264 965 1276 984 ,
1305 938 1393 973 non
1419 945 1596 991 perma-

215 1017 332 1044 nens.
360 1001 421 1043 Ex
438 1017 524 1062 quo
550 999 786 1059 colligitur,
811 1010 858 1044 ut
881 1001 913 1044 si
934 1003 1027 1059 jam
1051 999 1192 1058 imago
1215 1000 1294 1044 Dei
1320 1010 1381 1044 est
1414 1001 1493 1045 ista
1514 999 1596 1045 tri-

215 1069 325 1114 nitas
348 1070 477 1114 etiam
500 1070 594 1132 ipsa
617 1069 765 1114 nonin
784 1069 842 1114 eis
859 1086 959 1132 quae
980 1086 1147 1131 semper
1170 1079 1291 1125 sunt,
1316 1069 1450 1114 sedin
1466 1070 1595 1114 rebus

216 1139 270 1183 sit
307 1137 512 1184 habenda
541 1139 877 1184 transeuntibus.
911 1138 1036 1184 Absit
1065 1149 1209 1184 autem
1230 1149 1278 1184 ut
1308 1155 1409 1184 cum
1442 1139 1598 1184 animae

218 1219 373 1254 natura
405 1199 458 1255 sit
479 1208 761 1264 immortalis,
790 1226 869 1254 nec
892 1209 947 1253 ab
970 1209 1095 1254 initio
1122 1226 1209 1271 quo
1233 1220 1376 1254 creata
1400 1220 1484 1265 est,
1512 1226 1599 1254 un-

216 1295 348 1341 quam
367 1278 570 1341 deinceps
590 1296 676 1323 esse
702 1278 902 1334 desistat,
932 1278 978 1323 id
1003 1295 1090 1340 quo
1112 1278 1223 1323 nihil
1251 1276 1403 1323 melius
1425 1278 1561 1324 habet
1577 1315 1588 1334 ,

215 1365 305 1394 non
323 1365 424 1394 cum
450 1353 539 1409 ejus
559 1349 885 1394 immortalitate
908 1348 1127 1411 perduret.
1168 1347 1287 1404 Quid
1313 1365 1415 1394 vero
1444 1348 1596 1394 melius

215 1419 260 1463 in
278 1423 368 1478 eJ'us
391 1430 546 1465 natura
574 1431 767 1465 creatum
797 1429 881 1474 est,
904 1436 1036 1482 quam
1057 1418 1175 1481 quod
1203 1418 1258 1463 ad
1286 1419 1351 1464 sui
1379 1418 1594 1463 Creatoris

214 1489 442 1548 imaginem
467 1488 581 1535 facta
601 1500 663 1534 est
676 1488 722 1534 ip
748 1491 846 1534 Non
864 1489 996 1548 igitur
1011 1489 1057 1533 iu
1075 1488 1177 1533 fidei
1198 1488 1457 1545 retentione,
1484 1505 1594 1534 con-

215 1560 495 1622 templatione
512 1598 523 1616 ,
547 1560 778 1605 dilectione
795 1597 805 1613 ,
832 1576 931 1622 quae
948 1576 1036 1604 non
1058 1559 1138 1604 erit
1160 1576 1345 1621 semper,
1379 1559 1452 1604 sed
1474 1560 1519 1604 in
1542 1576 1591 1604 eo

214 1630 334 1693 quod
347 1648 515 1693 semper
532 1631 636 1685 erit,
660 1629 917 1676 invenienda
934 1639 995 1674 est
1012 1646 1143 1692 quam
1166 1628 1253 1674 dici
1267 1640 1466 1691 oporteat
1480 1630 1594 1675 ima-

215 1703 357 1758 ginem
380 1700 475 1746 Dei.

280 1771 331 1818 V.
360 1772 427 1815 An
451 1769 598 1815 adhuc
617 1781 766 1815 utrum
790 1769 849 1814 ita
881 1786 922 1814 se
943 1787 1007 1814 res
1032 1768 1219 1824 habeat,
1246 1770 1469 1832 aliquanto
1494 1769 1592 1814 dili-

215 1840 384 1900 gentius
394 1851 523 1902 atque
534 1839 769 1884 abstrusius
780 1840 1180 1901 perscrutabimur?
1194 1840 1292 1886 Dici
1304 1840 1417 1885 enim
1432 1849 1593 1902 potest,

216 1929 303 1956 non
327 1911 467 1974 perire
484 1911 608 1955 istam
629 1910 866 1955 trinitatem
881 1947 890 1965 ,
912 1911 1039 1956 etiam
1059 1927 1158 1956 cum
1178 1911 1283 1956 fides
1298 1911 1393 1974 ipsa
1409 1911 1594 1956 transie-

215 1982 297 2027 rit:
325 1981 427 2044 quia
447 1981 558 2026 sicut
578 1998 697 2026 nunc
723 1997 816 2025 eam
839 1991 881 2025 et
901 1981 1103 2026 memoria
1123 1991 1319 2026 tenemus
1334 2018 1345 2038 ,
1368 1992 1410 2027 et
1431 1981 1595 2041 cogita-

211 2051 326 2096 tione
352 2050 597 2105 cernimus,
633 2061 675 2095 et
708 2050 931 2095 voluntate
963 2050 1204 2110 diligimus;
1238 2051 1299 2096 ita
1330 2053 1458 2097 etiam
1487 2061 1594 2097 tunc

209 2136 310 2166 cum
325 2138 418 2166 eam
438 2138 514 2165 nos
532 2120 738 2166 habuisse
755 2122 963 2166 memoria
984 2121 1229 2166 tenebimus
1245 2158 1256 2177 ,
1276 2131 1317 2166 et
1333 2122 1588 2177 recolemus,

208 2202 249 2236 et
269 2191 356 2236 hoc
385 2202 620 2253 utrumque
655 2191 779 2236 tertia
806 2191 1028 2237 voluntate
1046 2195 1300 2250 jungemus,
1327 2191 1476 2237 eadem
1497 2193 1582 2237 tri-

207 2262 318 2307 nitas
338 2262 624 2324 permanebit.
653 2261 874 2317 Quoniam
891 2262 926 2307 si
948 2261 1119 2307 nullum
1136 2262 1182 2306 in
1202 2262 1328 2306 nobis
1345 2263 1470 2325 quasi
1486 2279 1586 2308 Ves—

208 2332 362 2391 tigium
403 2332 610 2376 transiens
648 2331 871 2394 reliquerit
886 2369 897 2387 ,
943 2330 1139 2394 profecto
1178 2344 1257 2376 n'ec
1292 2332 1337 2376 in
1382 2333 1590 2377 memoria

204 2412 351 2447 nostra
372 2405 461 2460 ejus
482 2400 646 2464 aliquid
669 2401 930 2446 habebimus
949 2417 1036 2463 quo
1059 2411 1332 2446 recurramus
1355 2418 1447 2446 eam
1465 2418 1580 2464 prae-

209 2472 377 2516 teritam
398 2470 672 2516 recordantes
689 2508 698 2526 ,
728 2480 856 2533 atque
877 2471 923 2516 id
946 2481 1179 2534 utrumque
1205 2472 1443 2516 intentione
1465 2472 1591 2517 tertia

206 2541 486 2604 copulantes,
515 2552 557 2585 et
581 2541 701 2603 quod
731 2551 821 2586 erat
841 2541 1007 2586 scilicet
1029 2542 1075 2587 in
1104 2542 1310 2587 memoria
1329 2579 1339 2597 ‚
1368 2558 1456 2587 non
1485 2542 1590 2588 inde

253 2624 301 2653 ¹1
325 2624 400 2656 Cor.
427 2633 506 2661 xur,
528 2634 580 2655 12.
612 2641 657 2648 —
677 2621 692 2644 2
710 2625 796 2654 Gen.
818 2633 847 2659 1,
867 2633 922 2662 27.
