1894 3154
326 246 418 294 352
733 258 768 288 s.
810 255 1052 289 Aucusrmt
1086 255 1290 289 Errscom

321 324 755 391 poterantmaculare
772 362 783 382 ,
814 335 856 371 et
879 324 976 371 ideo
1001 324 1120 371 nulla
1151 325 1353 370 existente
1373 340 1500 370 causa
1524 323 1701 371 divortii

321 415 362 443 se
383 399 438 443 ab
462 397 612 443 eodem
634 396 811 442 unitatis
832 395 1009 442 vinculo
1028 396 1326 459 disruperunt,
1345 395 1574 460 quodlibet
1608 395 1702 441 illo-

319 484 419 513 rum
442 467 629 513 duorum
654 483 804 513 verum
829 467 881 511 sit
898 503 909 522 ‚
938 466 1023 511 sive
1050 467 1170 529 quod
1197 467 1444 529 Cyprianus
1467 477 1572 512 tunc
1600 483 1701 512 sen·-

324 540 400 595 sit‚
430 539 515 585 sive
527 538 645 601 quod
660 537 903 582 Catholicae
922 537 1176 582 universitas
1195 538 1310 582 unde
1329 537 1401 583 ille
1419 555 1506 583 non
1526 537 1701 583 recessit

323 609 542 664 obtinuit,
572 609 675 653 foris
700 607 967 670 apertissime
991 608 1247 653 constitutos
1267 608 1311 652 in
1332 608 1557 654 manifesto
1580 609 1705 654 sacri-

321 679 432 738 legio
459 677 701 723 schismatis
726 676 863 723 salvos
887 693 973 722 esse
996 695 1083 722 non
1101 695 1224 741 posse
1239 714 1249 733 ,
1274 688 1315 722 ct
1335 679 1478 723 onmia
1501 695 1600 741 quae
1619 678 1705 723 ha-

323 749 432 793 bent
459 747 512 793 de
532 747 690 792 divinis
721 746 998 792 sacramentis
1029 757 1070 792 et
1098 746 1357 793 liberalitate
1377 748 1504 793 unius
1526 746 1706 807 legitimi

323 818 432 875 viri,
470 818 667 882 quandiu
691 818 794 863 tales
821 829 946 874 sunt,
978 817 1032 863 ad
1059 834 1209 864 eorum
1238 818 1533 865 confusionem
1559 818 1707 882 potius

324 906 456 952 quam
478 889 531 934 ad
556 888 738 934 salutem
761 887 916 935 valere.

389 960 440 1005 V.
483 959 704 1017 Quocirca
729 959 858 1004 etiam
878 959 911 1003 si
934 975 1033 1005 vere
1064 969 1295 1023 propterea
1319 958 1478 1006 vellent
1511 956 1709 1004 haeretici

325 1039 518 1075 correcto
546 1045 688 1074 errore
722 1029 868 1074 venire
899 1027 954 1073 ad
993 1029 1256 1086 Ecclesiam,
1293 1031 1395 1093 quia
1430 1039 1635 1092 putarent
1667 1043 1709 1071 se

325 1100 598 1163 baptismum
621 1117 709 1144 non
732 1099 895 1144 habere
919 1099 1000 1143 nisi
1020 1099 1065 1144 in
1092 1099 1324 1145 Catholica
1345 1099 1612 1161 acciperent3
1629 1111 1709 1141 nec

324 1170 384 1215 sic
401 1171 459 1215 eis
484 1169 739 1215 deberemus
761 1169 815 1215 ad
839 1169 1108 1214 iterationem
1129 1169 1338 1233 baptismi
1361 1167 1619 1223 consentire,
1634 1165 1708 1211 sed

322 1241 469 1304 potius
492 1240 847 1297 docendiessent9⁵
865 1257 945 1286 nec
965 1240 1257 1300 integritatem
1277 1239 1487 1303 baptismi
1509 1237 1712 1302 prodesse

324 1311 596 1374 perversitati
616 1327 767 1355 eorum
784 1347 794 1367 ‚
819 1312 851 1356 si
876 1311 1033 1370 corrigi
1051 1310 1243 1364 nollent3
1266 1327 1345 1356 nec
1370 1326 1518 1355 eorum
1538 1324 1711 1371 perver-

323 1382 446 1426 sitate
463 1381 675 1427 violatum
694 1380 821 1426 fuisse
838 1382 1055 1441 integrum
1070 1382 1307 1444 baptisma,
1335 1379 1533 1445 quandiu
1553 1377 1712 1437 corrigi

324 1451 586 1503 noluerunt3
625 1467 703 1495 nec
739 1451 842 1513 quia
878 1451 1038 1510 corrigi
1060 1451 1239 1497 volunt:
1271 1450 1423 1496 melius
1444 1449 1489 1494 in
1512 1448 1570 1493 eis
1593 1448 1711 1510 bap-

326 1523 453 1566 tisma
473 1521 565 1565 fieri
585 1538 595 1564 ε
617 1519 818 1583 sedipsos
839 1538 861 1566 a
885 1521 1153 1580 malignitate
1173 1520 1409 1575 discedere,
1437 1517 1548 1563 illud
1567 1528 1711 1562 autem

325 1591 516 1654 incipere
535 1594 621 1650 jam
648 1589 850 1653 prodesse
883 1590 936 1636 ad
966 1590 1144 1637 salutem
1160 1629 1170 1646 ‚
1196 1590 1315 1654 quod
1348 1589 1470 1654 prius
1495 1588 1633 1633 inerat
1658 1586 1713 1632 ad

325 1661 578 1724 perniciem.
608 1661 715 1705 Haec
736 1661 850 1706 enim
876 1661 1086 1707 discentes
1102 1700 1113 1719 ,
1138 1673 1180 1707 et
1203 1661 1384 1707 salutem
1417 1659 1463 1705 in
1496 1657 1713 1704 catholica

327 1732 492 1777 unitate
514 1730 851 1787 desiderabunt,
879 1743 920 1777 et
945 1749 1071 1778 suum
1095 1749 1181 1778 esse
1206 1731 1325 1795 quod
1351 1730 1516 1776 Christi
1540 1739 1600 1774 est
1625 1745 1709 1773 non

329 1801 663 1857 existimabunt,
691 1811 732 1846 et
755 1802 949 1847 veritatis
977 1813 1293 1848 sacramentum
1311 1838 1322 1857 ,
1363 1800 1562 1863 quamvis
1592 1798 1638 1844 in
1671 1815 1713 1843 se

327 1872 518 1935 positum
533 1909 544 1927 ‚
575 1889 675 1917 cum
698 1888 841 1917 errore
869 1874 1052 1935 proprio
1076 1890 1165 1918 non
1187 1871 1448 1919 miscebunt.

396 1943 472 1989 VI.
517 1942 617 1987 Huc
640 1941 828 1998 accedit,
851 1942 954 2005 quia
973 1943 1033 1987 sic
1057 1944 1255 1988 homines
1273 1941 1445 1987 occulta
1469 1940 1612 1986 nescio
1628 1955 1714 2002 qua

326 2013 611 2076 inspiratione
638 2012 717 2056 Dei
742 2012 1027 2064 detestantur,
1067 2013 1100 2058 si
1137 2014 1233 2075 quis
1256 2013 1412 2057 iterum
1442 2011 1712 2074 baptismum

330 2084 517 2146 accipiat
532 2120 542 2138 ,
566 2099 695 2145 quem
715 2082 984 2144 ubicumque
999 2086 1091 2141 jam
1111 2093 1359 2146 acceperat,
1397 2092 1447 2127 ut
1475 2081 1607 2126 iidem
1629 2080 1713 2143 ipsi

328 2154 526 2201 haeretici
564 2170 667 2199 cum
701 2152 804 2198 inde
840 2153 1092 2216 disputant,
1135 2152 1322 2200 frontem
1361 2151 1605 2198 confricent
1625 2189 1636 2208 ,
1672 2161 1714 2196 et

326 2243 466 2290 prope
491 2241 638 2270 omnes
669 2240 819 2270 eorum
857 2224 956 2270 la'ici
982 2224 1059 2287 qui
1091 2224 1207 2288 apud
1234 2242 1305 2271 eos
1330 2223 1682 2270 inveteraverunt
1698 2259 1709 2278 ‚

326 2308 368 2343 et
387 2297 623 2342 animosam
655 2295 942 2357 pertinaciam
968 2294 1171 2340 adversus
1193 2294 1472 2340 Catholicam
1495 2310 1712 2357 concepe-

327 2378 454 2422 runt,
479 2366 566 2411 hoc
588 2364 727 2410 solum
749 2365 838 2410 illic
859 2365 943 2410 sibi
966 2364 1194 2427 displicere
1228 2364 1446 2410 fateantur
1470 2382 1481 2409 :
1513 2375 1556 2409 et
1585 2362 1714 2410 multi

326 2440 403 2502 qui
422 2448 603 2501 propter
623 2437 904 2501 adipiscenda
933 2437 1078 2501 aliqua
1104 2436 1334 2483 commoda
1363 2437 1586 2482 saecularia
1604 2473 1614 2492 ‚
1643 2434 1713 2481 vel

325 2508 606 2556 incommoda
631 2507 866 2554 devitanda
888 2545 900 2565 ,
936 2508 1116 2554 transire
1147 2508 1203 2554 ad
1229 2525 1298 2554 eos
1330 2507 1507 2564 volunt,
1530 2506 1713 2553 occultis

327 2579 558 2628 conatibus
576 2578 799 2637 ambiant,
822 2589 872 2627 ut
894 2579 981 2626 hoc
999 2579 1058 2627 eis
1087 2579 1212 2643 quasi
1242 2577 1454 2643 peculiari
1473 2588 1514 2626 et
1537 2578 1710 2626 domes-
