1894 3154
315 273 399 317 166
726 290 760 319 S.
804 287 1046 319 Acccsrim
1081 287 1286 317 Erlscom

305 374 325 394 »
345 353 437 399 litia
460 354 735 417 baptizantis.
764 376 784 395 »
809 354 899 410 Qui
922 353 1036 398 enirn
1050 354 1184 407 fictus
1201 361 1287 409 est,
1311 361 1428 397 tanto
1446 351 1580 411 magis
1595 352 1679 397 fic—

306 433 372 468 tus
401 434 481 480 est,
508 434 671 488 quanto
697 424 830 483 magis
859 422 976 469 latet.
1005 422 1074 468 Ab
1097 422 1184 467 hoc
1201 438 1302 482 ergo
1331 438 1431 467 cum
1450 438 1491 467 se
1516 420 1681 466 auferat

306 493 496 556 Spiritus
514 505 713 550 sanctus,
737 510 837 556 quae
866 510 961 555 spes
987 493 1068 537 erit
1099 491 1333 555 baptizati,
1363 492 1397 536 si
1418 490 1681 554 baptizantis
1712 493 1717 498 '

306 562 495 608 hominis
520 563 718 608 meritum
738 563 782 607 in
802 562 875 607 illa
901 562 980 607 Dei
1001 560 1136 621 gratia
1161 561 1442 621 cogitandum
1474 564 1566 606 est?
1597 560 1681 605 Hic

306 633 483 677 omnino
503 632 610 695 quid
628 632 919 695 respondeant
937 648 1025 676 non
1043 631 1290 686 inveniunt,
1307 631 1382 694 qui
1404 630 1538 676 malos
1562 647 1683 693 aper-

305 713 370 746 tos
396 702 556 746 habere
580 719 621 746 se
640 712 825 760 negant:
853 702 897 746 in
910 718 998 765 quo
1017 700 1193 764 quidem
1218 700 1481 764 apertissime
1499 699 1682 745 convin-

314 781 486 817 cuntur.
517 770 599 815 Sed
622 770 730 834 quid
756 770 809 815 ad
833 773 938 824 nos?
963 771 1072 816 Satis
1089 780 1150 815 est
1174 770 1301 815 nobis
1324 768 1378 814 ad
1403 767 1685 816 necessarium

310 840 543 886 articulum
561 857 722 897 causae,
749 840 868 904 quod
882 842 1005 886 fictos
1018 841 1179 897 bonos,
1203 840 1249 886 id
1272 851 1349 896 est,
1377 840 1568 886 occultos
1588 855 1685 883 ma-

306 911 386 965 los,
414 909 532 974 apud
556 927 597 955 se
635 928 721 956 esse
755 928 908 970 negare
931 928 1021 956 non
1044 921 1239 974 possunt.
1271 911 1355 956 Per
1387 909 1547 956 multos
1570 908 1685 954 enim

304 980 641 1040 redarguuntur,
670 980 745 1044 qui
771 998 874 1027 cum
898 982 963 1026 ibi
985 981 1165 1045 perditis
1188 992 1229 1027 et
1251 981 1466 1026 sceleratis
1490 980 1685 1025 moribus

307 1050 516 1106 viverent,
539 1061 581 1095 et
598 1068 677 1112 per
692 1052 832 1113 ipsam
856 1051 1074 1096 fictionem
1092 1051 1168 1097 diu
1182 1050 1422 1106 latuissent,
1447 1048 1684 1113 aliquando

307 1121 491 1184 proditi,
515 1120 680 1184 expulsi
704 1132 818 1168 sunt.
852 1121 1091 1177 Credamus
1115 1139 1215 1181 ergo
1233 1158 1244 1177 ,
1287 1121 1320 1165 si
1343 1119 1500 1165 nolunt
1520 1119 1583 1164 ibi
1605 1118 1688 1163 ad-

307 1192 397 1236 huc
421 1208 506 1236 esse
532 1190 730 1254 aliqu053
774 1192 877 1237 tales
911 1191 975 1237 illi
998 1202 1113 1237 certe
1139 1192 1216 1255 qui
1234 1190 1356 1251 ejecti
1378 1201 1494 1246 sunt,
1519 1206 1621 1234 cum
1643 1189 1688 1233 in

307 1260 455 1305 eadem
483 1260 658 1306 fictione
682 1260 889 1317 laterent,
931 1272 972 1307 et
991 1278 1059 1307 eos
1082 1261 1250 1321 fugeret
1278 1260 1469 1323 Spiritus
1494 1269 1684 1314 sanctus,

315 1330 367 1375 do
388 1347 475 1393 quo
499 1331 713 1393 scriptum
737 1342 799 1376 est
819 1349 829 1376 z
848 1353 868 1372 ι(
893 1331 1081 1394 Spiritus
1101 1331 1215 1376 enim
1249 1341 1420 1376 sanctus
1445 1328 1688 1392 disciplinae

313 1423 332 1441 »
351 1401 523 1460 effugiet
549 1402 700 1446 fictum
725 1401 742 1430 1
765 1422 775 1455 ς
799 1424 818 1444 »
840 1402 1060 1465 quomodo
1078 1401 1301 1464 baptizare
1313 1402 1581 1464 potuerunt?
1599 1399 1690 1444 Cur

313 1488 400 1516 non
422 1481 698 1517 recensentur
721 1472 871 1517 saltem
895 1472 970 1536 qui
1004 1472 1158 1518 vivunt
1190 1483 1238 1517 ut
1273 1471 1491 1534 accipiant
1519 1469 1690 1532 baptis-

313 1558 433 1586 mum
450 1578 460 1595 ,
489 1557 618 1603 quem
632 1542 783 1605 utique
810 1560 832 1587 a
851 1543 963 1588 fictis
981 1559 1088 1605 quos
1107 1541 1328 1587 deserebat
1349 1540 1538 1604 Spiritus
1561 1555 1691 1584 sanc-

311 1623 395 1665 tus,
423 1612 619 1674 accipere
636 1613 952 1675 nequiverunt)
975 1612 1022 1657 Si
1041 1623 1182 1658 autem
1199 1612 1368 1667 dicunt,
1396 1610 1584 1673 Spiritus
1597 1607 1691 1672 qui-

314 1681 412 1727 dem
435 1693 606 1728 sanctus
623 1683 788 1729 daturis
813 1683 1077 1744 fingentibus
1102 1683 1246 1738 deerat
1270 1681 1587 1742 justificandis,
1619 1679 1692 1725 sed

315 1753 558 1816 accepturis
582 1753 858 1800 credentibus
890 1754 1036 1799 aderat
1071 1753 1296 1799 abluendis
1326 1770 1404 1816 per
1429 1750 1692 1797 ineffabilem

313 1822 550 1868 efficaciam
570 1824 777 1886 potentiae
792 1841 899 1880 suae,
922 1835 1155 1887 utrumque
1176 1823 1318 1868 valens
1333 1821 1488 1878 facere,
1502 1820 1597 1866 illos
1616 1818 1692 1864 fu-

311 1908 428 1950 gere,
452 1892 552 1937 istos
568 1892 729 1948 fovere,
747 1893 841 1938 illos
859 1893 1055 1956 culpare,
1073 1893 1175 1938 istos
1189 1892 1402 1937 mundare
1423 1908 1433 1936 :
1461 1907 1593 1954 quam
1610 1906 1692 1952 pro

314 1979 356 2007 se
380 1962 663 2025 quaestionem
691 1963 890 2020 solvunt,
919 1963 1047 2009 simul
1079 1973 1261 2008 cernant
1291 1962 1477 2008 solutam
1503 1977 1588 2005 esse
1611 1976 1692 2023 pro

317 2031 475 2088 nobis„

376 2102 522 2149 XXII.
544 2102 677 2159 Quod
696 2113 837 2150 autem
858 2103 1114 2163 intelligitur
1130 2103 1175 2148 in
1201 2103 1286 2148 hac
1306 2100 1516 2147 sententia
1532 2111 1693 2146 sanctae

316 2170 583 2235 Scripturae,
610 2190 743 2236 quam
767 2184 885 2219 certe
917 2173 1000 2236 ipsi
1033 2191 1122 2219 non
1146 2172 1457 2232 intelligentes,
1494 2182 1535 2217 et
1571 2171 1696 2234 quasi

311 2258 393 2303 pro
417 2242 502 2287 suis
522 2243 723 2305 partibus
746 2254 1056 2307 proponentes,
1086 2243 1139 2288 ad
1162 2260 1203 2288 se
1231 2243 1347 2306 ipsos
1372 2239 1694 2288 convincendos

320 2311 521 2370 ingerunt
546 2313 695 2369 nobis,
725 2313 812 2359 hoc
834 2332 944 2378 pene
966 2315 1012 2360 in
1032 2315 1236 2360 omnibus
1260 2312 1420 2359 talibus
1437 2311 1696 2376 quaestioni-

316 2379 401 2425 bus
424 2381 752 2443 intelligendum
772 2383 1072 2441 admonemus,
1098 2384 1262 2431 scilicet
1277 2383 1379 2448 quia
1397 2383 1541 2428 omnia
1558 2399 1696 2428 sacra-

314 2461 459 2497 menta
485 2452 586 2519 cum
610 2453 755 2500 obsint
788 2454 968 2516 indigne
988 2455 1278 2507 tractantibus
1294 2491 1306 2511 ,
1335 2463 1520 2517 prosunt
1550 2463 1694 2497 tamen

317 2537 396 2583 per
407 2519 477 2593 eos
487 2520 615 2583 digne
628 2524 916 2584 sumentibuS,
942 2524 1056 2576 siout
1073 2536 1116 2574 et
1135 2522 1321 2575 verbum
1338 2522 1419 2575 Dei
1436 2542 1449 2579 3
1465 2521 1580 2572 unde
1594 2520 1694 2569 dic-

369 2606 380 2630 ¹
402 2608 477 2652 Sap.
501 2620 532 2653 1,
553 2608 582 2641 5.
