1894 3154
354 238 439 269 120
758 239 791 268 S.
837 237 1077 267 AFGUSTINI
1114 237 1314 266 EPISCOP!

347 303 446 350 nius
480 303 593 348 enim
625 303 828 348 omnibus
854 313 1099 348 sanctarum
1138 302 1395 364 paginarum
1425 302 1610 348 vocibus
1638 302 1727 348 cir-

349 385 573 420 cumtusus
589 374 808 432 evigilavit
823 410 833 428 ‚
856 384 897 417 et
916 373 1026 418 vidit
1052 373 1286 417 Ecclesiam
1307 374 1384 418 Dei
1405 384 1497 418 toto
1523 373 1628 418 orbe
1645 372 1726 417 dif-

347 444 486 490 fusam
505 482 514 499 ,
537 445 648 489 sicut
666 444 717 488 de
735 444 807 488 ita
823 454 941 488 tauto
962 454 1058 488 aute
1080 461 1156 506 per
1176 443 1308 488 corda
1327 455 1366 489 et
1383 462 1457 489 ora
1472 455 1725 489 sauctorum

347 516 581 579 praevisum
609 526 738 576 atque
766 514 1031 576 pra-‘dictum
1069 524 1143 559 est.
1177 514 1276 569 Quo
1305 525 1510 577 percepto
1540 515 1729 576 suscepit

348 585 551 631 adversus
573 583 689 647 ipsos
713 600 809 628 suos
835 582 1129 629 demonstrare
1155 594 1195 628 et
1217 601 1399 629 asserere
1416 622 1426 638 ‚
1459 584 1621 629 nullius
1640 584 1728 629 ho-

350 656 478 701 minis
498 654 696 717 quamvis
720 653 972 699 sceleratum
997 664 1038 699 et
1063 653 1251 699 immane
1271 664 1501 716 peccatum
1522 653 1730 716 praescri—

349 727 453 771 bere
475 724 695 788 promissis
727 724 801 768 Dei
817 761 827 778 ,
860 742 939 769 nec
963 724 1009 770 id
1035 741 1156 783 agere
1177 724 1476 787 quorumlibet
1502 725 1616 769 intra
1642 724 1731 768 Ec—

352 795 524 841 clesiam
559 794 895 839 constitutorum
936 793 1178 857 quamlibet
1221 795 1509 857 impietatem,
1537 804 1586 839 ut
1626 793 1731 838 fides

352 866 433 911 Dei
455 865 508 910 de
534 864 723 909 Ecclesia
744 863 892 909 futura
912 875 954 909 et
976 863 1261 910 diffundenda
1282 881 1415 928 usque
1445 863 1499 908 ad
1526 863 1732 908 terminos

354 935 472 980 orbis
501 946 647 991 terrae,
675 952 775 997 quae
807 935 851 979 in
886 935 1107 998 promissis
1142 937 1321 980 Patrum
1348 945 1509 979 retenta
1548 945 1589 979 et
1615 950 1731 978 nuuc

353 1005 546 1051 exhibita
565 1015 648 1059 est,
676 1016 922 1051 evacuetur.
958 1005 1055 1050 Hoc
1085 1021 1183 1064 ergo
1209 1005 1449 1050 Tichonius
1472 1021 1573 1049 cum
1594 1003 1731 1049 vehe-

353 1087 519 1120 menter
558 1075 817 1138 copioseque
852 1075 1102 1130 dissereret,
1148 1086 1189 1120 et
1224 1092 1299 1120 ora
1339 1074 1732 1119 contradicentium

352 1145 502 1190 multis
527 1156 569 1190 et
595 1145 759 1203 magnis
791 1162 840 1190 ac
864 1144 1099 1189 manifestis
1127 1155 1376 1189 sanctarum
1404 1145 1732 1207 Scripturarum

356 1215 609 1260 testimoniis
648 1214 894 1277 oppila1¹et3
929 1232 1016 1259 non
1041 1215 1151 1260 vidit
1180 1215 1299 1278 quod
1333 1225 1642 1278 consequenter
1665 1214 1732 1258 vi-

356 1285 549 1331 dendum
569 1282 676 1333 fuit.
704 1285 800 1329 illos
832 1285 1033 1330 videlicet
1059 1285 1104 1330 iu
1130 1285 1278 1330 Africa
1303 1284 1573 1329 Christianos
1595 1283 1734 1346 pcrti-

356 1373 456 1401 nere
485 1356 538 1400 ad
568 1355 805 1400 Ecclesiam
840 1366 928 1400 toto
966 1356 1070 1399 orbe
1110 1355 1334 1410 diffusam,
1363 1355 1436 1418 qui
1471 1355 1621 1416 utique
1646 1370 1732 1398 non

354 1426 445 1471 istis
470 1425 526 1471 ab
545 1425 736 1485 eJusdem
755 1425 871 1470 orbis
890 1426 1194 1470 communione
1220 1435 1348 1487 atque
1374 1424 1538 1469 unitate
1563 1427 1733 1483 sejunc-

357 1496 433 1550 tis,
457 1495 529 1540 sed
550 1495 631 1557 ipsi
656 1495 753 1539 orbi
776 1505 988 1540 terrarum
1018 1512 1096 1557 per
1120 1495 1470 1539 communionem
1499 1504 1734 1539 connecte-

357 1576 521 1611 rentur.
544 1565 855 1609 Parmenianus
870 1575 1011 1609 autem
1028 1565 1259 1627 caeterique
1281 1564 1520 1609 Donatistae
1534 1563 1736 1609 viderunt

357 1635 445 1680 hoc
462 1652 546 1680 esse
570 1651 856 1697 consequens,
882 1646 923 1679 et
949 1633 1197 1679 maluerunt
1216 1634 1431 1696 suscipere
1453 1633 1736 1678 obstinatissi-

356 1723 478 1751 mum
522 1706 714 1751 animum
749 1705 951 1751 adversus
995 1705 1307 1768 apertissimam
1344 1705 1567 1750 veritatem
1604 1720 1735 1766 quam

357 1776 601 1821 Tichonius
622 1777 857 1831 asserebat,
886 1793 1017 1838 quam
1044 1793 1089 1821 ea
1118 1793 1318 1821 concessa
1337 1775 1530 1838 superari
1551 1775 1606 1820 ab
1628 1774 1737 1819 Afri-

359 1847 477 1891 canis
503 1846 702 1891 Ecclesiis
718 1883 728 1901 ,
754 1863 855 1908 quae
874 1846 989 1891 illius
1014 1847 1191 1891 unitatis
1209 1863 1339 1908 quam
1364 1846 1605 1891 'l'ichonius
1625 1861 1737 1890 asse-

357 1917 506 1972 rebat,
530 1916 836 1961 communione
861 1915 1100 1975 gauderent
1115 1953 1124 1970 ‚
1154 1916 1270 1960 unde
1289 1933 1331 1960 se
1357 1916 1426 1960 isti
1450 1925 1730 1978 separassent.

360 1989 415 2032 Et
441 1987 753 2032 Parmenianus
771 1987 948 2049 quidem
974 1987 1118 2049 primo
1141 2003 1238 2031 eum
1266 2004 1345 2049 per
1372 1986 1599 2049 epistolam
1620 1986 1738 2031 velut

358 2057 666 2121 corrigendum
706 2058 879 2120 putavit
914 2075 924 2101 :
967 2068 1119 2120 postea
1157 2075 1261 2103 vero
1295 2075 1342 2102 ex
1377 2056 1566 2102 concilio
1589 2073 1737 2101 eorum

354 2128 562 2191 perhibet
588 2128 858 2174 damnatum.
890 2127 1096 2190 Epistola}
1120 2127 1266 2190 itaque
1288 2126 1584 2180 parmeniani,
1605 2144 1735 2188 quam

356 2197 529 2260 scripsit
553 2196 605 2241 ad
629 2196 896 2241 Tichouium
918 2234 928 2249 ,
951 2197 1272 2259 reprehendens
1294 2214 1390 2242 eum
1409 2234 1419 2251 ‚
1446 2195 1564 2259 quod
1593 2195 1738 2258 lisele-

356 2267 462 2311 siam
486 2266 748 2329 praedicaret
773 2276 865 2311 toto
885 2267 990 2311 orbe
1009 2265 1209 2310 diffusam
1226 2304 1236 2321 ‚
1263 2278 1303 2311 et
1332 2266 1567 2311 admonens
1592 2282 1645 2310 ne
1668 2265 1737 2310 sa-

357 2352 452 2381 cere
471 2335 674 2391 auderet,
699 2337 786 2381 hoc
809 2336 954 2398 Opere
973 2336 1202 2380 statuimus
1221 2335 1492 2398 respondere.

422 2408 481 2452 ll.
514 2406 629 2451 Illud
654 2407 800 2470 itaque
819 2407 1012 2469 primum
1031 2405 1254 2451 videamus
1269 2443 1280 2461 ,
1303 2405 1430 2469 quale
1447 2407 1500 2450 sit
1525 2423 1535 2449 :
1564 2427 1583 2446 «
1603 2405 1733 2462 Quod

355 2475 503 2521 Gallos
531 2487 572 2520 et
592 2477 808 2539 Hispanos
841 2489 881 2522 et
912 2476 1043 2521 Italos
1062 2487 1103 2521 et
1133 2492 1279 2521 eorum
1308 2475 1468 2529 socios,
1497 2492 1606 2537 quos
1643 2475 1734 2519 uti-

351 2564 436 2610 que
471 2556 611 2592 totum
638 2547 789 2592 orbem
813 2547 908 2594 vult
950 2547 1163 2605 intelligi,
1199 2546 1483 2592 traditoribus
1515 2544 1730 2590 Africanis
