<?xml version="1.0" encoding="UTF-8"?>
<!DOCTYPE html PUBLIC "-//W3C//DTD XHTML 1.0 Transitional//EN"
    "http://www.w3.org/TR/xhtml1/DTD/xhtml1-transitional.dtd">
<html xmlns="http://www.w3.org/1999/xhtml" xml:lang="en" lang="en">
 <head>
  <title>
</title>
<meta http-equiv="Content-Type" content="text/html;charset=utf-8" />
  <meta name='ocr-system' content='tesseract 3.04.00' />
  <meta name='ocr-capabilities' content='ocr_page ocr_carea ocr_par ocr_line ocrx_word'/>
</head>
<body>
  <div class='ocr_page' id='page_1' title='image "./operaomniaaccura31auguuoft_0368.png"; bbox 0 0 1894 3154; ppageno 0'>
   <div class='ocr_carea' id='block_1_1' title="bbox 303 219 1295 268">
    <p class='ocr_par' dir='ltr' id='par_1_1' title="bbox 303 219 1295 268">
     <span class='ocr_line' id='line_1_1' title="bbox 303 219 1295 268; baseline -0.009 0"><span class='ocrx_word' id='word_1_1' title='bbox 303 219 398 268; x_wconf 82' lang='lat'>358</span> <span class='ocrx_word' id='word_1_2' title='bbox 729 233 766 264; x_wconf 83' lang='lat' dir='ltr'>s.</span> <span class='ocrx_word' id='word_1_3' title='bbox 809 230 1054 263; x_wconf 61' lang='lat' dir='ltr'>mausum</span> <span class='ocrx_word' id='word_1_4' title='bbox 1090 228 1295 261; x_wconf 85' lang='lat' dir='ltr'><strong>EPISCOPI</strong></span> 
     </span>
    </p>
   </div>
   <div class='ocr_carea' id='block_1_2' title="bbox 301 295 1711 2480">
    <p class='ocr_par' dir='ltr' id='par_1_2' title="bbox 301 295 1703 1700">
     <span class='ocr_line' id='line_1_2' title="bbox 304 295 1689 362; baseline -0.003 -15"><span class='ocrx_word' id='word_1_5' title='bbox 304 298 445 348; x_wconf 91' lang='lat' dir='ltr'>usuris</span> <span class='ocrx_word' id='word_1_6' title='bbox 480 297 880 362; x_wconf 78' lang='lat' dir='ltr'>multiplicantibus</span> <span class='ocrx_word' id='word_1_7' title='bbox 905 296 1050 343; x_wconf 87' lang='lat' dir='ltr'>foenus</span> <span class='ocrx_word' id='word_1_8' title='bbox 1077 295 1325 355; x_wconf 80' lang='lat' dir='ltr'>augebant,</span> <span class='ocrx_word' id='word_1_9' title='bbox 1352 295 1513 360; x_wconf 85' lang='lat' dir='ltr'>quibus</span> <span class='ocrx_word' id='word_1_10' title='bbox 1543 298 1689 343; x_wconf 86' lang='lat' dir='ltr'>tamen</span> 
     </span>
     <span class='ocr_line' id='line_1_3' title="bbox 313 368 1689 434; baseline -0.002 -17"><span class='ocrx_word' id='word_1_11' title='bbox 313 370 643 434; x_wconf 82' lang='lat' dir='ltr'>baptizantibus</span> <span class='ocrx_word' id='word_1_12' title='bbox 673 370 806 415; x_wconf 83' lang='lat' dir='ltr'>fiebat</span> <span class='ocrx_word' id='word_1_13' title='bbox 836 368 1028 415; x_wconf 84' lang='lat' dir='ltr'>remissio</span> <span class='ocrx_word' id='word_1_14' title='bbox 1060 370 1373 431; x_wconf 71' lang='lat' dir='ltr'>peccatorum?</span> <span class='ocrx_word' id='word_1_15' title='bbox 1405 368 1473 414; x_wconf 91' lang='lat' dir='ltr'>An</span> <span class='ocrx_word' id='word_1_16' title='bbox 1495 368 1597 432; x_wconf 85' lang='lat' dir='ltr'>quia</span> <span class='ocrx_word' id='word_1_17' title='bbox 1619 385 1689 415; x_wconf 88' lang='lat' dir='ltr'>eos</span> 
     </span>
     <span class='ocr_line' id='line_1_4' title="bbox 301 438 1688 498; baseline -0.004 -9"><span class='ocrx_word' id='word_1_18' title='bbox 301 442 446 489; x_wconf 88' lang='lat' dir='ltr'>unitas</span> <span class='ocrx_word' id='word_1_19' title='bbox 471 440 675 487; x_wconf 69' lang='lat' dir='ltr'>Ecclesiae</span> <span class='ocrx_word' id='word_1_20' title='bbox 694 440 893 486; x_wconf 71' lang='lat' dir='ltr'>tenebat?</span> <span class='ocrx_word' id='word_1_21' title='bbox 920 439 1041 497; x_wconf 88' lang='lat' dir='ltr'>Quid</span> <span class='ocrx_word' id='word_1_22' title='bbox 1061 455 1179 498; x_wconf 78' lang='lat' dir='ltr'>erg0‚</span> <span class='ocrx_word' id='word_1_23' title='bbox 1212 438 1399 483; x_wconf 81' lang='lat' dir='ltr'>Joannes</span> <span class='ocrx_word' id='word_1_24' title='bbox 1427 456 1514 484; x_wconf 90' lang='lat' dir='ltr'>non</span> <span class='ocrx_word' id='word_1_25' title='bbox 1533 438 1688 484; x_wconf 86' lang='lat' dir='ltr'>eratin</span> 
     </span>
     <span class='ocr_line' id='line_1_5' title="bbox 303 507 1683 572; baseline -0.004 -14"><span class='ocrx_word' id='word_1_26' title='bbox 303 512 486 568; x_wconf 84' lang='lat' dir='ltr'>unitate,</span> <span class='ocrx_word' id='word_1_27' title='bbox 515 511 681 557; x_wconf 87' lang='lat' dir='ltr'>amicus</span> <span class='ocrx_word' id='word_1_28' title='bbox 701 510 773 559; x_wconf 84' lang='lat' dir='ltr'>ille</span> <span class='ocrx_word' id='word_1_29' title='bbox 795 509 974 572; x_wconf 87' lang='lat' dir='ltr'>sponsi,</span> <span class='ocrx_word' id='word_1_30' title='bbox 1004 509 1086 555; x_wconf 83' lang='lat' dir='ltr'>viae</span> <span class='ocrx_word' id='word_1_31' title='bbox 1112 507 1358 554; x_wconf 84' lang='lat' dir='ltr'>Dominicae</span> <span class='ocrx_word' id='word_1_32' title='bbox 1390 518 1683 571; x_wconf 86' lang='lat' dir='ltr'>praeparator,</span> 
     </span>
     <span class='ocr_line' id='line_1_6' title="bbox 303 577 1688 646; baseline -0.004 -17"><span class='ocrx_word' id='word_1_33' title='bbox 303 594 345 630; x_wconf 84' lang='lat' dir='ltr'>et</span> <span class='ocrx_word' id='word_1_34' title='bbox 365 583 502 646; x_wconf 90' lang='lat' dir='ltr'>ipsius</span> <span class='ocrx_word' id='word_1_35' title='bbox 520 581 697 627; x_wconf 88' lang='lat' dir='ltr'>Domini</span> <span class='ocrx_word' id='word_1_36' title='bbox 713 580 992 643; x_wconf 68' lang='lat' dir='ltr'>baptizator?</span> <span class='ocrx_word' id='word_1_37' title='bbox 1016 578 1124 634; x_wconf 91' lang='lat' dir='ltr'>Quis</span> <span class='ocrx_word' id='word_1_38' title='bbox 1147 578 1234 622; x_wconf 87' lang='lat' dir='ltr'>hoc</span> <span class='ocrx_word' id='word_1_39' title='bbox 1252 577 1600 624; x_wconf 87' lang='lat' dir='ltr'>dementissimus</span> <span class='ocrx_word' id='word_1_40' title='bbox 1616 578 1688 624; x_wconf 91' lang='lat' dir='ltr'>di-</span> 
     </span>
     <span class='ocr_line' id='line_1_7' title="bbox 303 647 1686 714; baseline -0.004 -16"><span class='ocrx_word' id='word_1_41' title='bbox 303 653 440 699; x_wconf 68' lang='lat' dir='ltr'>xerit?</span> <span class='ocrx_word' id='word_1_42' title='bbox 457 652 741 714; x_wconf 80' lang='lat' dir='ltr'>Quapropter</span> <span class='ocrx_word' id='word_1_43' title='bbox 767 666 1018 714; x_wconf 87' lang='lat' dir='ltr'>quanquam</span> <span class='ocrx_word' id='word_1_44' title='bbox 1030 648 1090 694; x_wconf 87' lang='lat' dir='ltr'>ita</span> <span class='ocrx_word' id='word_1_45' title='bbox 1106 647 1279 694; x_wconf 88' lang='lat' dir='ltr'>credam</span> <span class='ocrx_word' id='word_1_46' title='bbox 1293 648 1540 712; x_wconf 81' lang='lat' dir='ltr'>baptizasse</span> <span class='ocrx_word' id='word_1_47' title='bbox 1555 649 1579 693; x_wconf 89' lang='lat' dir='ltr'>J</span> <span class='ocrx_word' id='word_1_48' title='bbox 1584 666 1686 694; x_wconf 87' lang='lat' dir='ltr'>oan-</span> 
     </span>
     <span class='ocr_line' id='line_1_8' title="bbox 304 719 1692 784; baseline -0.003 -16"><span class='ocrx_word' id='word_1_49' title='bbox 304 739 404 769; x_wconf 88' lang='lat' dir='ltr'>nem</span> <span class='ocrx_word' id='word_1_50' title='bbox 427 722 473 767; x_wconf 89' lang='lat' dir='ltr'>in</span> <span class='ocrx_word' id='word_1_51' title='bbox 498 738 610 784; x_wconf 84' lang='lat' dir='ltr'>aqua</span> <span class='ocrx_word' id='word_1_52' title='bbox 635 720 910 784; x_wconf 82' lang='lat' dir='ltr'>poenitentiae</span> <span class='ocrx_word' id='word_1_53' title='bbox 934 719 979 766; x_wconf 93' lang='lat' dir='ltr'>in</span> <span class='ocrx_word' id='word_1_54' title='bbox 997 719 1291 765; x_wconf 83' lang='lat' dir='ltr'>remissionem</span> <span class='ocrx_word' id='word_1_55' title='bbox 1308 729 1591 782; x_wconf 86' lang='lat' dir='ltr'>peccatorum</span> <span class='ocrx_word' id='word_1_56' title='bbox 1607 755 1618 775; x_wconf 78' lang='grc'><em>,</em></span> <span class='ocrx_word' id='word_1_57' title='bbox 1642 728 1692 764; x_wconf 85' lang='lat' dir='ltr'>ut</span> 
     </span>
     <span class='ocr_line' id='line_1_9' title="bbox 307 789 1692 855; baseline -0.003 -17"><span class='ocrx_word' id='word_1_58' title='bbox 307 793 361 839; x_wconf 91' lang='lat' dir='ltr'>ab</span> <span class='ocrx_word' id='word_1_59' title='bbox 376 808 424 838; x_wconf 92' lang='lat' dir='ltr'>eo</span> <span class='ocrx_word' id='word_1_60' title='bbox 436 791 666 855; x_wconf 86' lang='lat' dir='ltr'>baptizatis</span> <span class='ocrx_word' id='word_1_61' title='bbox 689 792 735 837; x_wconf 91' lang='lat' dir='ltr'>in</span> <span class='ocrx_word' id='word_1_62' title='bbox 758 808 833 855; x_wconf 86' lang='lat' dir='ltr'>spe</span> <span class='ocrx_word' id='word_1_63' title='bbox 853 791 1175 836; x_wconf 80' lang='lat' dir='ltr'>remitterentur</span> <span class='ocrx_word' id='word_1_64' title='bbox 1195 800 1396 852; x_wconf 83' lang='lat' dir='ltr'>peccata,</span> <span class='ocrx_word' id='word_1_65' title='bbox 1418 806 1463 834; x_wconf 89' lang='lat' dir='ltr'>re</span> <span class='ocrx_word' id='word_1_66' title='bbox 1482 789 1576 852; x_wconf 83' lang='lat' dir='ltr'>ipsa</span> <span class='ocrx_word' id='word_1_67' title='bbox 1592 806 1692 835; x_wconf 80' lang='lat' dir='ltr'>vero</span> 
     </span>
     <span class='ocr_line' id='line_1_10' title="bbox 305 860 1695 926; baseline -0.003 -18"><span class='ocrx_word' id='word_1_68' title='bbox 305 863 352 910; x_wconf 91' lang='lat' dir='ltr'>in</span> <span class='ocrx_word' id='word_1_69' title='bbox 374 862 551 909; x_wconf 88' lang='lat' dir='ltr'>Domini</span> <span class='ocrx_word' id='word_1_70' title='bbox 574 862 794 926; x_wconf 86' lang='lat' dir='ltr'>baptismo</span> <span class='ocrx_word' id='word_1_71' title='bbox 818 862 864 908; x_wconf 93' lang='lat' dir='ltr'>id</span> <span class='ocrx_word' id='word_1_72' title='bbox 886 863 1047 908; x_wconf 84' lang='lat' dir='ltr'>fieret:</span> <span class='ocrx_word' id='word_1_73' title='bbox 1079 861 1191 907; x_wconf 85' lang='lat' dir='ltr'>sicut</span> <span class='ocrx_word' id='word_1_74' title='bbox 1217 860 1472 906; x_wconf 87' lang='lat' dir='ltr'>resurrectio</span> <span class='ocrx_word' id='word_1_75' title='bbox 1501 876 1602 923; x_wconf 87' lang='lat' dir='ltr'>quae</span> <span class='ocrx_word' id='word_1_76' title='bbox 1621 877 1695 905; x_wconf 84' lang='lat' dir='ltr'>ex-</span> 
     </span>
     <span class='ocr_line' id='line_1_11' title="bbox 307 929 1696 998; baseline -0.004 -19"><span class='ocrx_word' id='word_1_77' title='bbox 307 943 508 998; x_wconf 85' lang='lat' dir='ltr'>pectatur</span> <span class='ocrx_word' id='word_1_78' title='bbox 549 932 596 978; x_wconf 89' lang='lat' dir='ltr'>in</span> <span class='ocrx_word' id='word_1_79' title='bbox 629 934 760 978; x_wconf 90' lang='lat' dir='ltr'>finem</span> <span class='ocrx_word' id='word_1_80' title='bbox 795 950 871 996; x_wconf 86' lang='lat' dir='ltr'>spe</span> <span class='ocrx_word' id='word_1_81' title='bbox 917 932 963 978; x_wconf 85' lang='lat' dir='ltr'>in</span> <span class='ocrx_word' id='word_1_82' title='bbox 1009 931 1136 977; x_wconf 88' lang='lat' dir='ltr'>nobis</span> <span class='ocrx_word' id='word_1_83' title='bbox 1170 930 1284 976; x_wconf 83' lang='lat' dir='ltr'>facta</span> <span class='ocrx_word' id='word_1_84' title='bbox 1307 941 1404 987; x_wconf 90' lang='lat' dir='ltr'>est,</span> <span class='ocrx_word' id='word_1_85' title='bbox 1442 930 1553 976; x_wconf 85' lang='lat' dir='ltr'>sicut</span> <span class='ocrx_word' id='word_1_86' title='bbox 1587 929 1696 975; x_wconf 81' lang='lat' dir='ltr'>dicit</span> 
     </span>
     <span class='ocr_line' id='line_1_12' title="bbox 310 967 1697 1081; baseline -0.004 -31"><span class='ocrx_word' id='word_1_87' title='bbox 310 1004 574 1081; x_wconf 86' lang='lat' dir='ltr'>Apostolus.</span> <span class='ocrx_word' id='word_1_88' title='bbox 605 1024 625 1045; x_wconf 83' lang='lat'>«</span> <span class='ocrx_word' id='word_1_89' title='bbox 647 1004 761 1061; x_wconf 86' lang='lat' dir='ltr'>Quia</span> <span class='ocrx_word' id='word_1_90' title='bbox 780 1004 910 1049; x_wconf 90' lang='lat' dir='ltr'>simul</span> <span class='ocrx_word' id='word_1_91' title='bbox 930 1020 1006 1048; x_wconf 90' lang='lat' dir='ltr'>nos</span> <span class='ocrx_word' id='word_1_92' title='bbox 1027 1012 1246 1057; x_wconf 72' lang='lat' dir='ltr'>excitant</span> <span class='ocrx_word' id='word_1_93' title='bbox 1263 1012 1304 1046; x_wconf 90' lang='lat' dir='ltr'>et</span> <span class='ocrx_word' id='word_1_94' title='bbox 1323 967 1452 1046; x_wconf 73' lang='lat' dir='ltr'>siniul</span> <span class='ocrx_word' id='word_1_95' title='bbox 1475 1000 1617 1046; x_wconf 89' lang='lat' dir='ltr'>sedere</span> <span class='ocrx_word' id='word_1_96' title='bbox 1628 999 1697 1045; x_wconf 87' lang='lat' dir='ltr'>fe-</span> 
     </span>
     <span class='ocr_line' id='line_1_13' title="bbox 311 1070 1697 1133; baseline -0.001 -17"><span class='ocrx_word' id='word_1_97' title='bbox 311 1096 332 1116; x_wconf 84' lang='lat'>»</span> <span class='ocrx_word' id='word_1_98' title='bbox 354 1074 415 1120; x_wconf 85' lang='lat' dir='ltr'>cit</span> <span class='ocrx_word' id='word_1_99' title='bbox 436 1074 483 1120; x_wconf 90' lang='lat' dir='ltr'>in</span> <span class='ocrx_word' id='word_1_100' title='bbox 519 1074 771 1120; x_wconf 82' lang='lat' dir='ltr'>coelestibus</span> <span class='ocrx_word' id='word_1_101' title='bbox 789 1073 823 1120; x_wconf 79' lang='lat'>¹1.</span> <span class='ocrx_word' id='word_1_102' title='bbox 848 1095 869 1116; x_wconf 85' lang='lat'>&gt;›</span> <span class='ocrx_word' id='word_1_103' title='bbox 903 1075 958 1119; x_wconf 90' lang='lat' dir='ltr'>Et</span> <span class='ocrx_word' id='word_1_104' title='bbox 990 1072 1105 1118; x_wconf 87' lang='lat' dir='ltr'>idem</span> <span class='ocrx_word' id='word_1_105' title='bbox 1130 1071 1278 1116; x_wconf 85' lang='lat' dir='ltr'>dicit·</span> <span class='ocrx_word' id='word_1_106' title='bbox 1304 1092 1324 1112; x_wconf 88' lang='grc'>«</span> <span class='ocrx_word' id='word_1_107' title='bbox 1347 1071 1432 1133; x_wconf 84' lang='lat' dir='ltr'>Spe</span> <span class='ocrx_word' id='word_1_108' title='bbox 1453 1071 1567 1116; x_wconf 89' lang='lat' dir='ltr'>enim</span> <span class='ocrx_word' id='word_1_109' title='bbox 1590 1070 1697 1116; x_wconf 87' lang='lat' dir='ltr'>salvi</span> 
     </span>
     <span class='ocr_line' id='line_1_14' title="bbox 315 1140 1697 1206; baseline -0.002 -18"><span class='ocrx_word' id='word_1_110' title='bbox 315 1166 336 1189; x_wconf 84' lang='lat'>»</span> <span class='ocrx_word' id='word_1_111' title='bbox 355 1144 460 1190; x_wconf 84' lang='lat' dir='ltr'>faeti</span> <span class='ocrx_word' id='word_1_112' title='bbox 488 1161 637 1190; x_wconf 88' lang='lat' dir='ltr'>sumus</span> <span class='ocrx_word' id='word_1_113' title='bbox 657 1144 691 1190; x_wconf 79' lang='lat'>2.</span> <span class='ocrx_word' id='word_1_114' title='bbox 715 1165 735 1185; x_wconf 87' lang='lat'>›)</span> <span class='ocrx_word' id='word_1_115' title='bbox 755 1145 867 1191; x_wconf 47' lang='lat' dir='ltr'>Yam</span> <span class='ocrx_word' id='word_1_116' title='bbox 891 1153 933 1188; x_wconf 84' lang='lat' dir='ltr'>et</span> <span class='ocrx_word' id='word_1_117' title='bbox 953 1143 1046 1206; x_wconf 86' lang='lat' dir='ltr'>ipse</span> <span class='ocrx_word' id='word_1_118' title='bbox 1065 1146 1248 1187; x_wconf 83' lang='lat' dir='ltr'>Joannes</span> <span class='ocrx_word' id='word_1_119' title='bbox 1266 1158 1366 1186; x_wconf 87' lang='lat' dir='ltr'>cum</span> <span class='ocrx_word' id='word_1_120' title='bbox 1386 1140 1503 1185; x_wconf 85' lang='lat' dir='ltr'>dicat</span> <span class='ocrx_word' id='word_1_121' title='bbox 1531 1157 1541 1184; x_wconf 73' lang='grc' dir='ltr'>ε</span> <span class='ocrx_word' id='word_1_122' title='bbox 1566 1161 1586 1181; x_wconf 89' lang='lat'>&lt;‹</span> <span class='ocrx_word' id='word_1_123' title='bbox 1605 1140 1697 1198; x_wconf 88' lang='lat' dir='ltr'>Ego</span> 
     </span>
     <span class='ocr_line' id='line_1_15' title="bbox 314 1209 1698 1278; baseline -0.006 -16"><span class='ocrx_word' id='word_1_124' title='bbox 314 1236 334 1257; x_wconf 73' lang='lat'>&gt;2</span> <span class='ocrx_word' id='word_1_125' title='bbox 356 1215 535 1278; x_wconf 88' lang='lat' dir='ltr'>quidem</span> <span class='ocrx_word' id='word_1_126' title='bbox 563 1214 741 1278; x_wconf 87' lang='lat' dir='ltr'>baptizo</span> <span class='ocrx_word' id='word_1_127' title='bbox 762 1231 837 1261; x_wconf 79' lang='lat' dir='ltr'>vos</span> <span class='ocrx_word' id='word_1_128' title='bbox 855 1214 902 1260; x_wconf 91' lang='lat' dir='ltr'>in</span> <span class='ocrx_word' id='word_1_129' title='bbox 928 1230 1041 1276; x_wconf 84' lang='lat' dir='ltr'>aqua</span> <span class='ocrx_word' id='word_1_130' title='bbox 1063 1213 1108 1258; x_wconf 87' lang='lat' dir='ltr'>in</span> <span class='ocrx_word' id='word_1_131' title='bbox 1133 1211 1442 1274; x_wconf 80' lang='lat' dir='ltr'>poenitentiam</span> <span class='ocrx_word' id='word_1_132' title='bbox 1474 1211 1520 1256; x_wconf 91' lang='lat' dir='ltr'>in</span> <span class='ocrx_word' id='word_1_133' title='bbox 1545 1209 1698 1256; x_wconf 87' lang='lat' dir='ltr'>remis-</span> 
     </span>
     <span class='ocr_line' id='line_1_16' title="bbox 314 1281 1699 1348; baseline -0.002 -18"><span class='ocrx_word' id='word_1_134' title='bbox 314 1308 334 1329; x_wconf 86' lang='lat'>›&gt;</span> <span class='ocrx_word' id='word_1_135' title='bbox 355 1287 517 1332; x_wconf 89' lang='lat' dir='ltr'>sionem</span> <span class='ocrx_word' id='word_1_136' title='bbox 539 1285 870 1348; x_wconf 71' lang='lat' dir='ltr'>&#39;‘peccatorun13</span> <span class='ocrx_word' id='word_1_137' title='bbox 893 1302 904 1330; x_wconf 87' lang='lat'>:</span> <span class='ocrx_word' id='word_1_138' title='bbox 935 1305 956 1326; x_wconf 84' lang='lat'>›&gt;</span> <span class='ocrx_word' id='word_1_139' title='bbox 978 1284 1216 1329; x_wconf 86' lang='lat' dir='ltr'>Dominum</span> <span class='ocrx_word' id='word_1_140' title='bbox 1239 1282 1389 1328; x_wconf 80' lang='lat' dir='ltr'>videns</span> <span class='ocrx_word' id='word_1_141' title='bbox 1416 1282 1475 1327; x_wconf 90' lang='lat' dir='ltr'>ait</span> <span class='ocrx_word' id='word_1_142' title='bbox 1499 1299 1509 1326; x_wconf 90' lang='lat'>:</span> <span class='ocrx_word' id='word_1_143' title='bbox 1545 1302 1565 1323; x_wconf 86' lang='lat'>«</span> <span class='ocrx_word' id='word_1_144' title='bbox 1585 1281 1699 1326; x_wconf 84' lang='lat' dir='ltr'>Ecce</span> 
     </span>
     <span class='ocr_line' id='line_1_17' title="bbox 315 1351 1700 1419; baseline -0.001 -20"><span class='ocrx_word' id='word_1_145' title='bbox 315 1378 336 1400; x_wconf 81' lang='lat'>›&gt;</span> <span class='ocrx_word' id='word_1_146' title='bbox 358 1359 505 1416; x_wconf 84' lang='lat' dir='ltr'>Agnus</span> <span class='ocrx_word' id='word_1_147' title='bbox 529 1356 626 1411; x_wconf 81' lang='lat' dir='ltr'>Dei,</span> <span class='ocrx_word' id='word_1_148' title='bbox 653 1373 752 1402; x_wconf 86' lang='lat' dir='ltr'>ecce</span> <span class='ocrx_word' id='word_1_149' title='bbox 776 1356 853 1419; x_wconf 88' lang='lat' dir='ltr'>qui</span> <span class='ocrx_word' id='word_1_150' title='bbox 874 1354 988 1401; x_wconf 88' lang='lat' dir='ltr'>tollit</span> <span class='ocrx_word' id='word_1_151' title='bbox 1006 1364 1184 1418; x_wconf 83' lang='lat' dir='ltr'>peccata</span> <span class='ocrx_word' id='word_1_152' title='bbox 1202 1352 1357 1398; x_wconf 88' lang='lat' dir='ltr'>mundi</span> <span class='ocrx_word' id='word_1_153' title='bbox 1374 1351 1408 1399; x_wconf 52' lang='grc' dir='ltr'>Δ.</span> <span class='ocrx_word' id='word_1_154' title='bbox 1432 1374 1453 1394; x_wconf 86' lang='lat'>»</span> <span class='ocrx_word' id='word_1_155' title='bbox 1467 1353 1633 1398; x_wconf 89' lang='lat' dir='ltr'>Tamen</span> <span class='ocrx_word' id='word_1_156' title='bbox 1646 1367 1700 1397; x_wconf 85' lang='lat' dir='ltr'>ne</span> 
     </span>
     <span class='ocr_line' id='line_1_18' title="bbox 316 1421 1702 1492; baseline -0.004 -19"><span class='ocrx_word' id='word_1_157' title='bbox 316 1427 499 1492; x_wconf 88' lang='lat' dir='ltr'>quisque</span> <span class='ocrx_word' id='word_1_158' title='bbox 532 1426 769 1472; x_wconf 87' lang='lat' dir='ltr'>contendat</span> <span class='ocrx_word' id='word_1_159' title='bbox 807 1426 937 1472; x_wconf 89' lang='lat' dir='ltr'>etiam</span> <span class='ocrx_word' id='word_1_160' title='bbox 973 1425 1019 1481; x_wconf 84' lang='lat' dir='ltr'>in</span> <span class='ocrx_word' id='word_1_161' title='bbox 1056 1424 1276 1488; x_wconf 88' lang='lat' dir='ltr'>baptismo</span> <span class='ocrx_word' id='word_1_162' title='bbox 1315 1423 1493 1468; x_wconf 88' lang='lat' dir='ltr'>Joannis</span> <span class='ocrx_word' id='word_1_163' title='bbox 1525 1421 1702 1468; x_wconf 82' lang='lat' dir='ltr'>dimissa</span> 
     </span>
     <span class='ocr_line' id='line_1_19' title="bbox 317 1492 1703 1560; baseline -0.004 -18"><span class='ocrx_word' id='word_1_164' title='bbox 317 1514 404 1542; x_wconf 89' lang='lat' dir='ltr'>esse</span> <span class='ocrx_word' id='word_1_165' title='bbox 426 1506 624 1560; x_wconf 88' lang='lat' dir='ltr'>peccata,</span> <span class='ocrx_word' id='word_1_166' title='bbox 653 1496 725 1541; x_wconf 89' lang='lat' dir='ltr'>sed</span> <span class='ocrx_word' id='word_1_167' title='bbox 750 1496 940 1559; x_wconf 88' lang='lat' dir='ltr'>aliquam</span> <span class='ocrx_word' id='word_1_168' title='bbox 962 1494 1220 1557; x_wconf 86' lang='lat' dir='ltr'>ampliorem</span> <span class='ocrx_word' id='word_1_169' title='bbox 1240 1493 1627 1539; x_wconf 84' lang='lat' dir='ltr'>sanctificationem</span> <span class='ocrx_word' id='word_1_170' title='bbox 1644 1492 1703 1538; x_wconf 83' lang='lat' dir='ltr'>eis</span> 
     </span>
     <span class='ocr_line' id='line_1_20' title="bbox 316 1562 1703 1632; baseline -0.003 -20"><span class='ocrx_word' id='word_1_171' title='bbox 316 1584 426 1632; x_wconf 86' lang='lat' dir='ltr'>quos</span> <span class='ocrx_word' id='word_1_172' title='bbox 442 1567 744 1626; x_wconf 86' lang='lat' dir='ltr'>jussitPaulus</span> <span class='ocrx_word' id='word_1_173' title='bbox 755 1567 896 1613; x_wconf 89' lang='lat' dir='ltr'>denuo</span> <span class='ocrx_word' id='word_1_174' title='bbox 916 1566 1133 1630; x_wconf 87' lang='lat' dir='ltr'>baptizari</span> <span class='ocrx_word' id='word_1_175' title='bbox 1151 1583 1230 1629; x_wconf 89' lang='lat' dir='ltr'>per</span> <span class='ocrx_word' id='word_1_176' title='bbox 1248 1565 1518 1629; x_wconf 87' lang='lat' dir='ltr'>baptismum</span> <span class='ocrx_word' id='word_1_177' title='bbox 1537 1562 1703 1610; x_wconf 87' lang='lat' dir='ltr'>Christi</span> 
     </span>
     <span class='ocr_line' id='line_1_21' title="bbox 317 1637 1198 1700; baseline -0.001 -16"><span class='ocrx_word' id='word_1_178' title='bbox 317 1655 403 1684; x_wconf 87' lang='lat' dir='ltr'>esse</span> <span class='ocrx_word' id='word_1_179' title='bbox 427 1637 631 1684; x_wconf 87' lang='lat' dir='ltr'>collatam</span> <span class='ocrx_word' id='word_1_180' title='bbox 658 1637 694 1693; x_wconf 78' lang='grc'>5,</span> <span class='ocrx_word' id='word_1_181' title='bbox 717 1655 807 1683; x_wconf 86' lang='lat' dir='ltr'>non</span> <span class='ocrx_word' id='word_1_182' title='bbox 825 1655 903 1697; x_wconf 86' lang='lat' dir='ltr'>ago</span> <span class='ocrx_word' id='word_1_183' title='bbox 927 1637 1198 1700; x_wconf 84' lang='lat' dir='ltr'>pugnaciter.</span> 
     </span>
    </p>

    <p class='ocr_par' dir='ltr' id='par_1_3' title="bbox 314 1704 1711 2480">
     <span class='ocr_line' id='line_1_22' title="bbox 382 1704 1703 1772; baseline -0.004 -19"><span class='ocrx_word' id='word_1_184' title='bbox 382 1709 510 1755; x_wconf 86' lang='lat' dir='ltr'><strong>XIII.</strong></span> <span class='ocrx_word' id='word_1_185' title='bbox 546 1708 662 1754; x_wconf 89' lang='lat' dir='ltr'>Illud</span> <span class='ocrx_word' id='word_1_186' title='bbox 674 1709 788 1754; x_wconf 86' lang='lat' dir='ltr'>enim</span> <span class='ocrx_word' id='word_1_187' title='bbox 802 1708 921 1772; x_wconf 84' lang='lat' dir='ltr'>quod</span> <span class='ocrx_word' id='word_1_188' title='bbox 940 1708 995 1753; x_wconf 82' lang='lat' dir='ltr'>ad</span> <span class='ocrx_word' id='word_1_189' title='bbox 1017 1725 1107 1753; x_wconf 83' lang='lat' dir='ltr'>rem</span> <span class='ocrx_word' id='word_1_190' title='bbox 1130 1717 1391 1770; x_wconf 81' lang='lat' dir='ltr'>praesentem</span> <span class='ocrx_word' id='word_1_191' title='bbox 1409 1704 1591 1750; x_wconf 80' lang='lat' dir='ltr'>maxime</span> <span class='ocrx_word' id='word_1_192' title='bbox 1608 1720 1703 1767; x_wconf 90' lang='lat' dir='ltr'>per-</span> 
     </span>
     <span class='ocr_line' id='line_1_23' title="bbox 320 1774 1704 1842; baseline -0.005 -17"><span class='ocrx_word' id='word_1_193' title='bbox 320 1780 443 1836; x_wconf 80' lang='lat' dir='ltr'>tinet,</span> <span class='ocrx_word' id='word_1_194' title='bbox 469 1778 728 1825; x_wconf 87' lang='lat' dir='ltr'>intuendum</span> <span class='ocrx_word' id='word_1_195' title='bbox 750 1789 838 1834; x_wconf 88' lang='lat' dir='ltr'>est,</span> <span class='ocrx_word' id='word_1_196' title='bbox 865 1777 1199 1842; x_wconf 87' lang='lat' dir='ltr'>(quoquomodo</span> <span class='ocrx_word' id='word_1_197' title='bbox 1230 1794 1271 1822; x_wconf 87' lang='lat' dir='ltr'>se</span> <span class='ocrx_word' id='word_1_198' title='bbox 1294 1777 1457 1822; x_wconf 83' lang='lat' dir='ltr'>habeat</span> <span class='ocrx_word' id='word_1_199' title='bbox 1485 1774 1704 1837; x_wconf 84' lang='lat' dir='ltr'>baptisma</span> 
     </span>
     <span class='ocr_line' id='line_1_24' title="bbox 319 1843 1705 1910; baseline -0.004 -15"><span class='ocrx_word' id='word_1_200' title='bbox 319 1855 341 1896; x_wconf 88' lang='lat' dir='ltr'>J</span> <span class='ocrx_word' id='word_1_201' title='bbox 345 1850 511 1905; x_wconf 82' lang='lat' dir='ltr'>oannis,</span> <span class='ocrx_word' id='word_1_202' title='bbox 537 1867 638 1895; x_wconf 87' lang='lat' dir='ltr'>cum</span> <span class='ocrx_word' id='word_1_203' title='bbox 657 1866 756 1894; x_wconf 90' lang='lat' dir='ltr'>eum</span> <span class='ocrx_word' id='word_1_204' title='bbox 772 1848 826 1894; x_wconf 88' lang='lat' dir='ltr'>ad</span> <span class='ocrx_word' id='word_1_205' title='bbox 846 1849 1058 1894; x_wconf 86' lang='lat' dir='ltr'>unitatem</span> <span class='ocrx_word' id='word_1_206' title='bbox 1079 1847 1244 1894; x_wconf 87' lang='lat' dir='ltr'>Christi</span> <span class='ocrx_word' id='word_1_207' title='bbox 1262 1848 1478 1910; x_wconf 85' lang='lat' dir='ltr'>pertinere</span> <span class='ocrx_word' id='word_1_208' title='bbox 1502 1843 1705 1891; x_wconf 88' lang='lat' dir='ltr'>manifes-</span> 
     </span>
     <span class='ocr_line' id='line_1_25' title="bbox 323 1919 1706 1982; baseline -0.003 -17"><span class='ocrx_word' id='word_1_209' title='bbox 323 1932 416 1967; x_wconf 84' lang='lat' dir='ltr'>tum</span> <span class='ocrx_word' id='word_1_210' title='bbox 436 1920 542 1982; x_wconf 83' lang='lat' dir='ltr'>sit,)</span> <span class='ocrx_word' id='word_1_211' title='bbox 570 1936 670 1982; x_wconf 79' lang='lat' dir='ltr'>quae</span> <span class='ocrx_word' id='word_1_212' title='bbox 718 1936 848 1964; x_wconf 85' lang='lat' dir='ltr'>causa</span> <span class='ocrx_word' id='word_1_213' title='bbox 869 1919 1017 1964; x_wconf 87' lang='lat' dir='ltr'>fecerit</span> <span class='ocrx_word' id='word_1_214' title='bbox 1033 1956 1044 1975; x_wconf 85' lang='lat'><strong><em>,</em></strong></span> <span class='ocrx_word' id='word_1_215' title='bbox 1070 1930 1118 1964; x_wconf 90' lang='lat' dir='ltr'>ut</span> <span class='ocrx_word' id='word_1_216' title='bbox 1139 1929 1236 1981; x_wconf 82' lang='lat' dir='ltr'>post</span> <span class='ocrx_word' id='word_1_217' title='bbox 1261 1919 1474 1963; x_wconf 88' lang='lat' dir='ltr'>Joannem</span> <span class='ocrx_word' id='word_1_218' title='bbox 1506 1926 1706 1962; x_wconf 88' lang='lat' dir='ltr'>sanctum</span> 
     </span>
     <span class='ocr_line' id='line_1_26' title="bbox 321 1987 1706 2054; baseline -0.004 -18"><span class='ocrx_word' id='word_1_219' title='bbox 321 1990 536 2054; x_wconf 87' lang='lat' dir='ltr'>baptizari</span> <span class='ocrx_word' id='word_1_220' title='bbox 566 1989 764 2035; x_wconf 87' lang='lat' dir='ltr'>homines</span> <span class='ocrx_word' id='word_1_221' title='bbox 790 1988 1062 2052; x_wconf 87' lang='lat' dir='ltr'>oportuerit,</span> <span class='ocrx_word' id='word_1_222' title='bbox 1104 1998 1145 2032; x_wconf 87' lang='lat' dir='ltr'>et</span> <span class='ocrx_word' id='word_1_223' title='bbox 1167 1998 1268 2050; x_wconf 85' lang='lat' dir='ltr'>post</span> <span class='ocrx_word' id='word_1_224' title='bbox 1292 1987 1523 2050; x_wconf 89' lang='lat' dir='ltr'>episcopos</span> <span class='ocrx_word' id='word_1_225' title='bbox 1559 2001 1706 2030; x_wconf 87' lang='lat' dir='ltr'>avaros</span> 
     </span>
     <span class='ocr_line' id='line_1_27' title="bbox 320 2055 1706 2124; baseline -0.004 -18"><span class='ocrx_word' id='word_1_226' title='bbox 320 2077 408 2107; x_wconf 89' lang='lat' dir='ltr'>non</span> <span class='ocrx_word' id='word_1_227' title='bbox 433 2059 690 2124; x_wconf 86' lang='lat' dir='ltr'>oportuerit.</span> <span class='ocrx_word' id='word_1_228' title='bbox 725 2061 861 2105; x_wconf 85' lang='lat' dir='ltr'>Nemo</span> <span class='ocrx_word' id='word_1_229' title='bbox 891 2059 1002 2105; x_wconf 87' lang='lat' dir='ltr'>enim</span> <span class='ocrx_word' id='word_1_230' title='bbox 1031 2068 1174 2117; x_wconf 79' lang='lat' dir='ltr'>negat,</span> <span class='ocrx_word' id='word_1_231' title='bbox 1205 2057 1323 2120; x_wconf 90' lang='lat' dir='ltr'>quod</span> <span class='ocrx_word' id='word_1_232' title='bbox 1348 2057 1393 2102; x_wconf 88' lang='lat' dir='ltr'>in</span> <span class='ocrx_word' id='word_1_233' title='bbox 1418 2073 1519 2116; x_wconf 85' lang='lat' dir='ltr'>agro</span> <span class='ocrx_word' id='word_1_234' title='bbox 1547 2055 1706 2101; x_wconf 89' lang='lat' dir='ltr'>Domi-</span> 
     </span>
     <span class='ocr_line' id='line_1_28' title="bbox 314 2125 1708 2192; baseline -0.004 -16"><span class='ocrx_word' id='word_1_235' title='bbox 314 2132 411 2177; x_wconf 89' lang='lat' dir='ltr'>nico</span> <span class='ocrx_word' id='word_1_236' title='bbox 433 2135 618 2176; x_wconf 83' lang='lat' dir='ltr'>Joannes</span> <span class='ocrx_word' id='word_1_237' title='bbox 643 2129 841 2175; x_wconf 88' lang='lat' dir='ltr'>triticum</span> <span class='ocrx_word' id='word_1_238' title='bbox 856 2140 963 2185; x_wconf 79' lang='lat' dir='ltr'>erat,</span> <span class='ocrx_word' id='word_1_239' title='bbox 985 2140 1027 2175; x_wconf 81' lang='lat' dir='ltr'>et</span> <span class='ocrx_word' id='word_1_240' title='bbox 1042 2166 1052 2185; x_wconf 81' lang='grc'>,</span> <span class='ocrx_word' id='word_1_241' title='bbox 1080 2128 1115 2173; x_wconf 87' lang='lat' dir='ltr'>si</span> <span class='ocrx_word' id='word_1_242' title='bbox 1139 2128 1325 2192; x_wconf 87' lang='lat' dir='ltr'>amplius</span> <span class='ocrx_word' id='word_1_243' title='bbox 1347 2145 1434 2173; x_wconf 90' lang='lat' dir='ltr'>non</span> <span class='ocrx_word' id='word_1_244' title='bbox 1461 2136 1604 2190; x_wconf 88' lang='lat' dir='ltr'>potest</span> <span class='ocrx_word' id='word_1_245' title='bbox 1627 2162 1638 2181; x_wconf 85' lang='lat'>‚</span> <span class='ocrx_word' id='word_1_246' title='bbox 1661 2125 1708 2170; x_wconf 91' lang='lat' dir='ltr'>in</span> 
     </span>
     <span class='ocr_line' id='line_1_29' title="bbox 318 2199 1709 2260; baseline -0.004 -13"><span class='ocrx_word' id='word_1_247' title='bbox 318 2202 517 2248; x_wconf 84' lang='lat' dir='ltr'>ubertate</span> <span class='ocrx_word' id='word_1_248' title='bbox 541 2211 732 2247; x_wconf 89' lang='lat' dir='ltr'>centena.</span> <span class='ocrx_word' id='word_1_249' title='bbox 760 2202 870 2246; x_wconf 89' lang='lat' dir='ltr'>Item</span> <span class='ocrx_word' id='word_1_250' title='bbox 895 2217 1021 2247; x_wconf 87' lang='lat' dir='ltr'>nemo</span> <span class='ocrx_word' id='word_1_251' title='bbox 1045 2199 1221 2245; x_wconf 81' lang='lat' dir='ltr'>dubitat</span> <span class='ocrx_word' id='word_1_252' title='bbox 1249 2199 1495 2254; x_wconf 81' lang='lat' dir='ltr'>avaritiam,</span> <span class='ocrx_word' id='word_1_253' title='bbox 1526 2213 1626 2260; x_wconf 87' lang='lat' dir='ltr'>quae</span> <span class='ocrx_word' id='word_1_254' title='bbox 1647 2206 1709 2242; x_wconf 85' lang='lat' dir='ltr'>est</span> 
     </span>
     <span class='ocr_line' id='line_1_30' title="bbox 329 2269 1709 2333; baseline -0.003 -17"><span class='ocrx_word' id='word_1_255' title='bbox 329 2271 547 2317; x_wconf 89' lang='lat' dir='ltr'>idolorum</span> <span class='ocrx_word' id='word_1_256' title='bbox 568 2271 768 2327; x_wconf 74' lang='lat' dir='ltr'>servitus,</span> <span class='ocrx_word' id='word_1_257' title='bbox 793 2271 838 2317; x_wconf 90' lang='lat' dir='ltr'>in</span> <span class='ocrx_word' id='word_1_258' title='bbox 853 2288 985 2316; x_wconf 86' lang='lat' dir='ltr'>messe</span> <span class='ocrx_word' id='word_1_259' title='bbox 1003 2271 1232 2316; x_wconf 85' lang='lat' dir='ltr'>Dominica</span> <span class='ocrx_word' id='word_1_260' title='bbox 1252 2270 1365 2315; x_wconf 89' lang='lat' dir='ltr'>inter</span> <span class='ocrx_word' id='word_1_261' title='bbox 1386 2269 1530 2333; x_wconf 89' lang='lat' dir='ltr'>paleas</span> <span class='ocrx_word' id='word_1_262' title='bbox 1551 2283 1709 2313; x_wconf 87' lang='lat' dir='ltr'>nume-</span> 
     </span>
     <span class='ocr_line' id='line_1_31' title="bbox 326 2338 1711 2405; baseline -0.004 -17"><span class='ocrx_word' id='word_1_263' title='bbox 326 2343 426 2388; x_wconf 87' lang='lat' dir='ltr'>rari.</span> <span class='ocrx_word' id='word_1_264' title='bbox 455 2343 547 2388; x_wconf 88' lang='lat' dir='ltr'>Cur</span> <span class='ocrx_word' id='word_1_265' title='bbox 573 2359 673 2402; x_wconf 84' lang='lat' dir='ltr'>ergo</span> <span class='ocrx_word' id='word_1_266' title='bbox 700 2353 800 2405; x_wconf 87' lang='lat' dir='ltr'>post</span> <span class='ocrx_word' id='word_1_267' title='bbox 823 2343 1019 2388; x_wconf 86' lang='lat' dir='ltr'>triticum</span> <span class='ocrx_word' id='word_1_268' title='bbox 1049 2342 1301 2405; x_wconf 86' lang='lat' dir='ltr'>baptizatur</span> <span class='ocrx_word' id='word_1_269' title='bbox 1318 2378 1328 2397; x_wconf 84' lang='grc'>,</span> <span class='ocrx_word' id='word_1_270' title='bbox 1357 2352 1398 2386; x_wconf 85' lang='lat' dir='ltr'>et</span> <span class='ocrx_word' id='word_1_271' title='bbox 1418 2350 1518 2404; x_wconf 88' lang='lat' dir='ltr'>post</span> <span class='ocrx_word' id='word_1_272' title='bbox 1541 2338 1711 2403; x_wconf 85' lang='lat' dir='ltr'>paleam</span> 
     </span>
     <span class='ocr_line' id='line_1_32' title="bbox 330 2411 1711 2480; baseline -0.004 -19"><span class='ocrx_word' id='word_1_273' title='bbox 330 2431 419 2461; x_wconf 85' lang='lat' dir='ltr'>non</span> <span class='ocrx_word' id='word_1_274' title='bbox 439 2413 711 2478; x_wconf 82' lang='lat' dir='ltr'>baptizatur.</span> <span class='ocrx_word' id='word_1_275' title='bbox 703 2416 721 2449; x_wconf 66' lang='grc' dir='ltr'>ἵ)</span> <span class='ocrx_word' id='word_1_276' title='bbox 744 2414 790 2461; x_wconf 81' lang='lat' dir='ltr'>Si</span> <span class='ocrx_word' id='word_1_277' title='bbox 809 2424 1041 2480; x_wconf 86' lang='lat' dir='ltr'>propterea</span> <span class='ocrx_word' id='word_1_278' title='bbox 1066 2413 1230 2461; x_wconf 86' lang='lat' dir='ltr'>Paulus</span> <span class='ocrx_word' id='word_1_279' title='bbox 1248 2422 1347 2478; x_wconf 89' lang='lat' dir='ltr'>post</span> <span class='ocrx_word' id='word_1_280' title='bbox 1366 2413 1388 2457; x_wconf 87' lang='lat' dir='ltr'>J</span> <span class='ocrx_word' id='word_1_281' title='bbox 1395 2429 1576 2459; x_wconf 84' lang='lat' dir='ltr'>oannem</span> <span class='ocrx_word' id='word_1_282' title='bbox 1593 2411 1711 2475; x_wconf 89' lang='lat' dir='ltr'>bap-</span> 
     </span>
    </p>
   </div>
   <div class='ocr_carea' id='block_1_3' title="bbox 324 2508 1708 2606">
    <p class='ocr_par' dir='ltr' id='par_1_4' title="bbox 373 2508 1708 2606">
     <span class='ocr_line' id='line_1_33' title="bbox 373 2508 1708 2557; baseline -0.005 -11"><span class='ocrx_word' id='word_1_283' title='bbox 373 2512 828 2557; x_wconf 80' lang='lat' dir='ltr'>¹Ephes.11,6.—²Rom.</span> <span class='ocrx_word' id='word_1_284' title='bbox 848 2520 1050 2555; x_wconf 76' lang='lat' dir='ltr'>v111‚24.-</span> <span class='ocrx_word' id='word_1_285' title='bbox 1068 2510 1082 2537; x_wconf 81' lang='grc'><strong>3</strong></span> <span class='ocrx_word' id='word_1_286' title='bbox 1102 2511 1292 2552; x_wconf 78' lang='lat' dir='ltr'>Mauh.111‚</span> <span class='ocrx_word' id='word_1_287' title='bbox 1319 2522 1437 2545; x_wconf 78' lang='lat'>11,—</span> <span class='ocrx_word' id='word_1_288' title='bbox 1460 2508 1474 2535; x_wconf 79' lang='lat'>⁴</span> <span class='ocrx_word' id='word_1_289' title='bbox 1493 2512 1632 2554; x_wconf 81' lang='lat' dir='ltr'>Joan.1,</span> <span class='ocrx_word' id='word_1_290' title='bbox 1653 2512 1708 2551; x_wconf 75' lang='lat'>29</span> 
     </span>
     <span class='ocr_line' id='line_1_34' title="bbox 324 2564 639 2606; baseline -0.008 -5.5"><span class='ocrx_word' id='word_1_291' title='bbox 324 2564 402 2593; x_wconf 77' lang='lat'>—5</span> <span class='ocrx_word' id='word_1_292' title='bbox 422 2570 584 2606; x_wconf 77' lang='lat' dir='ltr'>Act.x1x,</span> <span class='ocrx_word' id='word_1_293' title='bbox 606 2568 639 2599; x_wconf 82' lang='lat'>5.</span> 
     </span>
    </p>
   </div>
  </div>
 </body>
</html>
