<?xml version="1.0" encoding="UTF-8"?>
<!DOCTYPE html PUBLIC "-//W3C//DTD XHTML 1.0 Transitional//EN"
    "http://www.w3.org/TR/xhtml1/DTD/xhtml1-transitional.dtd">
<html xmlns="http://www.w3.org/1999/xhtml" xml:lang="en" lang="en">
 <head>
  <title>
</title>
<meta http-equiv="Content-Type" content="text/html;charset=utf-8" />
  <meta name='ocr-system' content='tesseract 3.04.00' />
  <meta name='ocr-capabilities' content='ocr_page ocr_carea ocr_par ocr_line ocrx_word'/>
</head>
<body>
  <div class='ocr_page' id='page_1' title='image "./operaomniaaccura31auguuoft_0328.png"; bbox 0 0 1894 3154; ppageno 0'>
   <div class='ocr_carea' id='block_1_1' title="bbox 307 263 1292 311">
    <p class='ocr_par' dir='ltr' id='par_1_1' title="bbox 307 263 1292 311">
     <span class='ocr_line' id='line_1_1' title="bbox 307 263 1292 311; baseline -0.002 -1"><span class='ocrx_word' id='word_1_1' title='bbox 307 263 402 311; x_wconf 86' lang='grc'>318</span> <span class='ocrx_word' id='word_1_2' title='bbox 736 276 771 307; x_wconf 76' lang='lat' dir='ltr'>s,</span> <span class='ocrx_word' id='word_1_3' title='bbox 812 275 1055 307; x_wconf 85' lang='lat' dir='ltr'><strong>AUGUSTINI</strong></span> <span class='ocrx_word' id='word_1_4' title='bbox 1090 276 1292 309; x_wconf 87' lang='lat' dir='ltr'><strong>EPISCOPI</strong></span> 
     </span>
    </p>
   </div>
   <div class='ocr_carea' id='block_1_2' title="bbox 305 341 1696 2652">
    <p class='ocr_par' dir='ltr' id='par_1_2' title="bbox 305 341 1683 760">
     <span class='ocr_line' id='line_1_2' title="bbox 307 341 1679 402; baseline 0.002 -15"><span class='ocrx_word' id='word_1_5' title='bbox 307 342 648 391; x_wconf 62' lang='lat' dir='ltr'>»haereditatem</span> <span class='ocrx_word' id='word_1_6' title='bbox 682 341 728 388; x_wconf 89' lang='lat' dir='ltr'>in</span> <span class='ocrx_word' id='word_1_7' title='bbox 763 359 895 402; x_wconf 81' lang='lat' dir='ltr'>regno</span> <span class='ocrx_word' id='word_1_8' title='bbox 925 342 1090 389; x_wconf 86' lang='lat' dir='ltr'>Christi</span> <span class='ocrx_word' id='word_1_9' title='bbox 1125 353 1167 388; x_wconf 88' lang='lat' dir='ltr'>et</span> <span class='ocrx_word' id='word_1_10' title='bbox 1201 341 1343 389; x_wconf 70' lang='lat' dir='ltr'>Dei1:</span> <span class='ocrx_word' id='word_1_11' title='bbox 1366 364 1387 385; x_wconf 84' lang='lat'>»</span> <span class='ocrx_word' id='word_1_12' title='bbox 1419 360 1498 390; x_wconf 92' lang='lat' dir='ltr'>cur</span> <span class='ocrx_word' id='word_1_13' title='bbox 1530 344 1576 390; x_wconf 92' lang='lat' dir='ltr'>in</span> <span class='ocrx_word' id='word_1_14' title='bbox 1605 342 1679 390; x_wconf 88' lang='lat' dir='ltr'>illo</span> 
     </span>
     <span class='ocr_line' id='line_1_3' title="bbox 306 413 1680 479; baseline 0.001 -18"><span class='ocrx_word' id='word_1_15' title='bbox 306 415 552 479; x_wconf 82' lang='lat' dir='ltr'><strong>baptismus</strong></span> <span class='ocrx_word' id='word_1_16' title='bbox 572 423 614 459; x_wconf 91' lang='lat' dir='ltr'>et</span> <span class='ocrx_word' id='word_1_17' title='bbox 632 413 893 473; x_wconf 85' lang='lat' dir='ltr'>Evangelica</span> <span class='ocrx_word' id='word_1_18' title='bbox 907 414 1039 460; x_wconf 73' lang='lat' dir='ltr'>verba</span> <span class='ocrx_word' id='word_1_19' title='bbox 1063 414 1373 477; x_wconf 81' lang='lat' dir='ltr'>improbantur</span> <span class='ocrx_word' id='word_1_20' title='bbox 1388 452 1398 471; x_wconf 87' lang='lat'>‚</span> <span class='ocrx_word' id='word_1_21' title='bbox 1426 415 1471 460; x_wconf 92' lang='lat' dir='ltr'>in</span> <span class='ocrx_word' id='word_1_22' title='bbox 1492 415 1573 461; x_wconf 85' lang='lat' dir='ltr'>isto</span> <span class='ocrx_word' id='word_1_23' title='bbox 1598 432 1680 462; x_wconf 89' lang='lat' dir='ltr'>au-</span> 
     </span>
     <span class='ocr_line' id='line_1_4' title="bbox 308 484 1681 550; baseline 0 -17"><span class='ocrx_word' id='word_1_24' title='bbox 308 499 397 533; x_wconf 88' lang='lat' dir='ltr'>tem</span> <span class='ocrx_word' id='word_1_25' title='bbox 423 485 748 550; x_wconf 82' lang='lat' dir='ltr'>approbantur3</span> <span class='ocrx_word' id='word_1_26' title='bbox 777 501 879 529; x_wconf 90' lang='lat' dir='ltr'>cum</span> <span class='ocrx_word' id='word_1_27' title='bbox 909 484 965 530; x_wconf 88' lang='lat' dir='ltr'>ab</span> <span class='ocrx_word' id='word_1_28' title='bbox 989 485 1072 530; x_wconf 89' lang='lat' dir='ltr'>illis</span> <span class='ocrx_word' id='word_1_29' title='bbox 1091 485 1309 531; x_wconf 84' lang='lat' dir='ltr'>columbae</span> <span class='ocrx_word' id='word_1_30' title='bbox 1331 487 1538 533; x_wconf 88' lang='lat' dir='ltr'>membris</span> <span class='ocrx_word' id='word_1_31' title='bbox 1559 497 1681 533; x_wconf 89' lang='lat' dir='ltr'>uter-</span> 
     </span>
     <span class='ocr_line' id='line_1_5' title="bbox 305 555 1683 623; baseline -0.001 -19"><span class='ocrx_word' id='word_1_32' title='bbox 305 575 390 623; x_wconf 88' lang='lat' dir='ltr'>que</span> <span class='ocrx_word' id='word_1_33' title='bbox 405 556 652 604; x_wconf 85' lang='lat' dir='ltr'>inveniatur</span> <span class='ocrx_word' id='word_1_34' title='bbox 671 555 834 600; x_wconf 87' lang='lat' dir='ltr'>alienus</span> <span class='ocrx_word' id='word_1_35' title='bbox 848 557 867 600; x_wconf 71' lang='grc' dir='ltr'>Ξ)</span> <span class='ocrx_word' id='word_1_36' title='bbox 887 556 955 600; x_wconf 88' lang='lat' dir='ltr'>An</span> <span class='ocrx_word' id='word_1_37' title='bbox 969 555 1072 618; x_wconf 89' lang='lat' dir='ltr'>quia</span> <span class='ocrx_word' id='word_1_38' title='bbox 1095 555 1166 601; x_wconf 90' lang='lat' dir='ltr'>ille</span> <span class='ocrx_word' id='word_1_39' title='bbox 1182 556 1286 601; x_wconf 85' lang='lat' dir='ltr'>foris</span> <span class='ocrx_word' id='word_1_40' title='bbox 1300 567 1475 619; x_wconf 87' lang='lat' dir='ltr'>apertus</span> <span class='ocrx_word' id='word_1_41' title='bbox 1494 557 1683 618; x_wconf 82' lang='lat' dir='ltr'>litigator</span> 
     </span>
     <span class='ocr_line' id='line_1_6' title="bbox 305 624 1679 684; baseline 0 -10"><span class='ocrx_word' id='word_1_42' title='bbox 305 640 366 674; x_wconf 88' lang='lat' dir='ltr'>est</span> <span class='ocrx_word' id='word_1_43' title='bbox 381 665 391 681; x_wconf 85' lang='lat'>‚</span> <span class='ocrx_word' id='word_1_44' title='bbox 418 644 471 672; x_wconf 92' lang='lat' dir='ltr'>ne</span> <span class='ocrx_word' id='word_1_45' title='bbox 492 624 837 678; x_wconf 77' lang='lat' dir='ltr'>intromittatur3</span> <span class='ocrx_word' id='word_1_46' title='bbox 862 624 939 670; x_wconf 89' lang='lat' dir='ltr'>iste</span> <span class='ocrx_word' id='word_1_47' title='bbox 957 641 1058 670; x_wconf 86' lang='lat' dir='ltr'>vero</span> <span class='ocrx_word' id='word_1_48' title='bbox 1081 625 1196 671; x_wconf 91' lang='lat' dir='ltr'>intus</span> <span class='ocrx_word' id='word_1_49' title='bbox 1219 625 1403 672; x_wconf 88' lang='lat' dir='ltr'>callidus</span> <span class='ocrx_word' id='word_1_50' title='bbox 1429 638 1679 684; x_wconf 80' lang='lat' dir='ltr'>assentator,</span> 
     </span>
     <span class='ocr_line' id='line_1_7' title="bbox 306 695 791 760; baseline -0.004 -15"><span class='ocrx_word' id='word_1_51' title='bbox 306 716 360 745; x_wconf 91' lang='lat' dir='ltr'>ne</span> <span class='ocrx_word' id='word_1_52' title='bbox 382 698 496 743; x_wconf 80' lang='lat' dir='ltr'>foras</span> <span class='ocrx_word' id='word_1_53' title='bbox 519 695 791 760; x_wconf 85' lang='lat' dir='ltr'>projiciatur.</span> 
     </span>
    </p>

    <p class='ocr_par' dir='ltr' id='par_1_3' title="bbox 307 765 1696 2592">
     <span class='ocr_line' id='line_1_8' title="bbox 370 765 1683 831; baseline 0.001 -18"><span class='ocrx_word' id='word_1_54' title='bbox 370 768 493 814; x_wconf 88' lang='lat' dir='ltr'><strong>VIII.</strong></span> <span class='ocrx_word' id='word_1_55' title='bbox 537 765 669 823; x_wconf 89' lang='lat' dir='ltr'>Quod</span> <span class='ocrx_word' id='word_1_56' title='bbox 690 776 829 811; x_wconf 86' lang='lat' dir='ltr'>autem</span> <span class='ocrx_word' id='word_1_57' title='bbox 850 766 908 812; x_wconf 89' lang='lat' dir='ltr'>ait</span> <span class='ocrx_word' id='word_1_58' title='bbox 932 784 943 812; x_wconf 72' lang='grc' dir='ltr'>ε</span> <span class='ocrx_word' id='word_1_59' title='bbox 971 788 991 808; x_wconf 78' lang='grc' dir='ltr'>α</span> <span class='ocrx_word' id='word_1_60' title='bbox 1014 768 1103 813; x_wconf 84' lang='lat' dir='ltr'>Nec</span> <span class='ocrx_word' id='word_1_61' title='bbox 1121 768 1352 831; x_wconf 83' lang='lat' dir='ltr'>quisquam</span> <span class='ocrx_word' id='word_1_62' title='bbox 1372 768 1492 814; x_wconf 89' lang='lat' dir='ltr'>dicat</span> <span class='ocrx_word' id='word_1_63' title='bbox 1519 786 1530 814; x_wconf 73' lang='grc' dir='ltr'>ε</span> <span class='ocrx_word' id='word_1_64' title='bbox 1553 768 1683 825; x_wconf 90' lang='lat' dir='ltr'>Quod</span> 
     </span>
     <span class='ocr_line' id='line_1_9' title="bbox 307 835 1684 901; baseline -0.002 -15"><span class='ocrx_word' id='word_1_65' title='bbox 307 837 556 901; x_wconf 81' lang='lat' dir='ltr'>accepimus</span> <span class='ocrx_word' id='word_1_66' title='bbox 579 835 635 881; x_wconf 87' lang='lat' dir='ltr'>ab</span> <span class='ocrx_word' id='word_1_67' title='bbox 667 835 884 899; x_wconf 88' lang='lat' dir='ltr'>Apostolis</span> <span class='ocrx_word' id='word_1_68' title='bbox 900 873 911 892; x_wconf 82' lang='lat'><strong><em>‚</em></strong></span> <span class='ocrx_word' id='word_1_69' title='bbox 936 836 1023 882; x_wconf 89' lang='lat' dir='ltr'>hoc</span> <span class='ocrx_word' id='word_1_70' title='bbox 1047 837 1268 900; x_wconf 83' lang='lat' dir='ltr'>sequimur</span> <span class='ocrx_word' id='word_1_71' title='bbox 1295 855 1305 883; x_wconf 70' lang='grc' dir='ltr'>ε</span> <span class='ocrx_word' id='word_1_72' title='bbox 1334 838 1513 901; x_wconf 87' lang='lat' dir='ltr'>quando</span> <span class='ocrx_word' id='word_1_73' title='bbox 1538 840 1684 901; x_wconf 88' lang='lat' dir='ltr'>Apos-</span> 
     </span>
     <span class='ocr_line' id='line_1_10' title="bbox 309 906 1686 971; baseline -0.003 -15"><span class='ocrx_word' id='word_1_74' title='bbox 309 910 387 956; x_wconf 86' lang='lat' dir='ltr'>toli</span> <span class='ocrx_word' id='word_1_75' title='bbox 409 925 497 954; x_wconf 89' lang='lat' dir='ltr'>non</span> <span class='ocrx_word' id='word_1_76' title='bbox 528 906 611 951; x_wconf 92' lang='lat' dir='ltr'>nisi</span> <span class='ocrx_word' id='word_1_77' title='bbox 647 922 780 951; x_wconf 85' lang='lat' dir='ltr'>unam</span> <span class='ocrx_word' id='word_1_78' title='bbox 814 906 1052 952; x_wconf 82' lang='lat' dir='ltr'>Ecclesiam</span> <span class='ocrx_word' id='word_1_79' title='bbox 1079 907 1372 961; x_wconf 83' lang='lat' dir='ltr'>tradiderunt,</span> <span class='ocrx_word' id='word_1_80' title='bbox 1399 919 1440 953; x_wconf 91' lang='lat' dir='ltr'>et</span> <span class='ocrx_word' id='word_1_81' title='bbox 1468 908 1686 971; x_wconf 85' lang='lat' dir='ltr'>baptisma</span> 
     </span>
     <span class='ocr_line' id='line_1_11' title="bbox 310 976 1689 1040; baseline -0.003 -14"><span class='ocrx_word' id='word_1_82' title='bbox 310 996 474 1036; x_wconf 83' lang='lat' dir='ltr'>unum,</span> <span class='ocrx_word' id='word_1_83' title='bbox 506 976 626 1040; x_wconf 88' lang='lat' dir='ltr'>quod</span> <span class='ocrx_word' id='word_1_84' title='bbox 661 993 749 1021; x_wconf 92' lang='lat' dir='ltr'>non</span> <span class='ocrx_word' id='word_1_85' title='bbox 773 976 855 1021; x_wconf 88' lang='lat' dir='ltr'>nisi</span> <span class='ocrx_word' id='word_1_86' title='bbox 889 976 935 1021; x_wconf 90' lang='lat' dir='ltr'>in</span> <span class='ocrx_word' id='word_1_87' title='bbox 973 976 1122 1022; x_wconf 90' lang='lat' dir='ltr'>eadem</span> <span class='ocrx_word' id='word_1_88' title='bbox 1159 978 1351 1024; x_wconf 83' lang='lat' dir='ltr'>Ecclesia</span> <span class='ocrx_word' id='word_1_89' title='bbox 1384 978 1438 1023; x_wconf 87' lang='lat' dir='ltr'>sit</span> <span class='ocrx_word' id='word_1_90' title='bbox 1473 978 1689 1024; x_wconf 90' lang='lat' dir='ltr'>constitu-</span> 
     </span>
     <span class='ocr_line' id='line_1_12' title="bbox 308 1048 1690 1112; baseline -0.003 -15"><span class='ocrx_word' id='word_1_91' title='bbox 308 1062 440 1097; x_wconf 85' lang='lat' dir='ltr'>tum:</span> <span class='ocrx_word' id='word_1_92' title='bbox 470 1070 490 1091; x_wconf 84' lang='lat'>›&gt;</span> <span class='ocrx_word' id='word_1_93' title='bbox 512 1065 602 1094; x_wconf 90' lang='lat' dir='ltr'>non</span> <span class='ocrx_word' id='word_1_94' title='bbox 634 1064 701 1092; x_wconf 88' lang='lat' dir='ltr'>me</span> <span class='ocrx_word' id='word_1_95' title='bbox 734 1057 904 1092; x_wconf 86' lang='lat' dir='ltr'>tantum</span> <span class='ocrx_word' id='word_1_96' title='bbox 932 1058 1106 1103; x_wconf 79' lang='lat' dir='ltr'>movet,</span> <span class='ocrx_word' id='word_1_97' title='bbox 1140 1058 1188 1092; x_wconf 85' lang='lat' dir='ltr'>ut</span> <span class='ocrx_word' id='word_1_98' title='bbox 1220 1048 1491 1112; x_wconf 85' lang='lat' dir='ltr'>baptismum</span> <span class='ocrx_word' id='word_1_99' title='bbox 1524 1048 1690 1093; x_wconf 80' lang='lat' dir='ltr'>Christi</span> 
     </span>
     <span class='ocr_line' id='line_1_13' title="bbox 309 1116 1692 1181; baseline -0.003 -15"><span class='ocrx_word' id='word_1_100' title='bbox 309 1121 440 1167; x_wconf 89' lang='lat' dir='ltr'>etiam</span> <span class='ocrx_word' id='word_1_101' title='bbox 461 1117 581 1181; x_wconf 82' lang='lat' dir='ltr'>apud</span> <span class='ocrx_word' id='word_1_102' title='bbox 604 1116 834 1162; x_wconf 83' lang='lat' dir='ltr'>haereticos</span> <span class='ocrx_word' id='word_1_103' title='bbox 852 1117 1080 1163; x_wconf 74' lang='lat' dir='ltr'>inventum</span> <span class='ocrx_word' id='word_1_104' title='bbox 1101 1117 1282 1163; x_wconf 79' lang='lat' dir='ltr'>audeam</span> <span class='ocrx_word' id='word_1_105' title='bbox 1303 1118 1537 1180; x_wconf 85' lang='lat' dir='ltr'>reprobare</span> <span class='ocrx_word' id='word_1_106' title='bbox 1559 1117 1692 1180; x_wconf 87' lang='lat' dir='ltr'>(sicut</span> 
     </span>
     <span class='ocr_line' id='line_1_14' title="bbox 310 1186 1691 1251; baseline -0.003 -15"><span class='ocrx_word' id='word_1_107' title='bbox 310 1191 440 1237; x_wconf 84' lang='lat' dir='ltr'>etiam</span> <span class='ocrx_word' id='word_1_108' title='bbox 463 1189 609 1251; x_wconf 86' lang='lat' dir='ltr'>ipsum</span> <span class='ocrx_word' id='word_1_109' title='bbox 637 1186 938 1246; x_wconf 77' lang='lat' dir='ltr'>Evangelium‚</span> <span class='ocrx_word' id='word_1_110' title='bbox 961 1204 1062 1232; x_wconf 87' lang='lat' dir='ltr'>cum</span> <span class='ocrx_word' id='word_1_111' title='bbox 1077 1187 1197 1250; x_wconf 82' lang='lat' dir='ltr'>apud</span> <span class='ocrx_word' id='word_1_112' title='bbox 1215 1204 1285 1233; x_wconf 89' lang='lat' dir='ltr'>eos</span> <span class='ocrx_word' id='word_1_113' title='bbox 1302 1186 1476 1233; x_wconf 75' lang='lat' dir='ltr'>invenio</span> <span class='ocrx_word' id='word_1_114' title='bbox 1491 1224 1503 1244; x_wconf 84' lang='lat'>‚</span> <span class='ocrx_word' id='word_1_115' title='bbox 1523 1204 1691 1232; x_wconf 90' lang='lat' dir='ltr'>necesse</span> 
     </span>
     <span class='ocr_line' id='line_1_15' title="bbox 311 1256 1692 1322; baseline -0.004 -14"><span class='ocrx_word' id='word_1_116' title='bbox 311 1273 374 1308; x_wconf 84' lang='lat' dir='ltr'>est</span> <span class='ocrx_word' id='word_1_117' title='bbox 390 1271 440 1306; x_wconf 86' lang='lat' dir='ltr'>ut</span> <span class='ocrx_word' id='word_1_118' title='bbox 460 1258 723 1322; x_wconf 78' lang='lat' dir='ltr'>approbem,</span> <span class='ocrx_word' id='word_1_119' title='bbox 748 1258 945 1319; x_wconf 76' lang='lat' dir='ltr'>quamvis</span> <span class='ocrx_word' id='word_1_120' title='bbox 966 1275 1113 1302; x_wconf 87' lang='lat' dir='ltr'>eorum</span> <span class='ocrx_word' id='word_1_121' title='bbox 1132 1258 1314 1303; x_wconf 90' lang='lat' dir='ltr'>detester</span> <span class='ocrx_word' id='word_1_122' title='bbox 1331 1256 1537 1320; x_wconf 87' lang='lat' dir='ltr'>errorem)</span> <span class='ocrx_word' id='word_1_123' title='bbox 1555 1274 1692 1320; x_wconf 89' lang='lat' dir='ltr'>quan-</span> 
     </span>
     <span class='ocr_line' id='line_1_16' title="bbox 312 1327 1693 1391; baseline -0.004 -13"><span class='ocrx_word' id='word_1_124' title='bbox 312 1344 408 1378; x_wconf 88' lang='lat' dir='ltr'>tum</span> <span class='ocrx_word' id='word_1_125' title='bbox 446 1329 651 1375; x_wconf 86' lang='lat' dir='ltr'>admonet</span> <span class='ocrx_word' id='word_1_126' title='bbox 667 1364 678 1383; x_wconf 83' lang='lat'><strong><em>‚</em></strong></span> <span class='ocrx_word' id='word_1_127' title='bbox 713 1327 842 1373; x_wconf 89' lang='lat' dir='ltr'>fuisse</span> <span class='ocrx_word' id='word_1_128' title='bbox 877 1328 1089 1391; x_wconf 89' lang='lat' dir='ltr'>quosdam</span> <span class='ocrx_word' id='word_1_129' title='bbox 1126 1329 1256 1374; x_wconf 88' lang='lat' dir='ltr'>etiam</span> <span class='ocrx_word' id='word_1_130' title='bbox 1301 1328 1438 1375; x_wconf 85' lang='lat' dir='ltr'>sancti</span> <span class='ocrx_word' id='word_1_131' title='bbox 1478 1328 1693 1391; x_wconf 66' lang='lat' dir='ltr'>Cypriani</span> 
     </span>
     <span class='ocr_line' id='line_1_17' title="bbox 313 1397 1693 1465; baseline -0.004 -16"><span class='ocrx_word' id='word_1_132' title='bbox 313 1400 584 1465; x_wconf 81' lang='lat' dir='ltr'>temporibus</span> <span class='ocrx_word' id='word_1_133' title='bbox 602 1436 613 1454; x_wconf 83' lang='grc'>,</span> <span class='ocrx_word' id='word_1_134' title='bbox 644 1397 719 1461; x_wconf 84' lang='lat' dir='ltr'>qui</span> <span class='ocrx_word' id='word_1_135' title='bbox 749 1398 1107 1444; x_wconf 84' lang='lat' dir='ltr'>consuetudinem</span> <span class='ocrx_word' id='word_1_136' title='bbox 1132 1399 1251 1445; x_wconf 87' lang='lat' dir='ltr'>illam</span> <span class='ocrx_word' id='word_1_137' title='bbox 1277 1410 1427 1444; x_wconf 88' lang='lat' dir='ltr'>contra</span> <span class='ocrx_word' id='word_1_138' title='bbox 1452 1416 1583 1462; x_wconf 85' lang='lat' dir='ltr'>quam</span> <span class='ocrx_word' id='word_1_139' title='bbox 1613 1399 1693 1444; x_wconf 88' lang='lat' dir='ltr'>fie-</span> 
     </span>
     <span class='ocr_line' id='line_1_18' title="bbox 313 1468 1688 1532; baseline -0.005 -12"><span class='ocrx_word' id='word_1_140' title='bbox 313 1475 423 1520; x_wconf 82' lang='lat' dir='ltr'>bant</span> <span class='ocrx_word' id='word_1_141' title='bbox 451 1469 653 1516; x_wconf 83' lang='lat' dir='ltr'>Africana</span> <span class='ocrx_word' id='word_1_142' title='bbox 678 1468 863 1513; x_wconf 80' lang='lat' dir='ltr'>concilia</span> <span class='ocrx_word' id='word_1_143' title='bbox 882 1506 891 1524; x_wconf 78' lang='lat'>‚</span> <span class='ocrx_word' id='word_1_144' title='bbox 917 1468 970 1514; x_wconf 90' lang='lat' dir='ltr'>de</span> <span class='ocrx_word' id='word_1_145' title='bbox 991 1486 1077 1532; x_wconf 84' lang='lat' dir='ltr'>qua</span> <span class='ocrx_word' id='word_1_146' title='bbox 1100 1480 1141 1514; x_wconf 91' lang='lat' dir='ltr'>et</span> <span class='ocrx_word' id='word_1_147' title='bbox 1158 1470 1248 1532; x_wconf 84' lang='lat' dir='ltr'>ipse</span> <span class='ocrx_word' id='word_1_148' title='bbox 1267 1469 1401 1532; x_wconf 83' lang='lat' dir='ltr'>paulo</span> <span class='ocrx_word' id='word_1_149' title='bbox 1427 1479 1525 1514; x_wconf 88' lang='lat' dir='ltr'>ante</span> <span class='ocrx_word' id='word_1_150' title='bbox 1549 1468 1656 1514; x_wconf 80' lang='lat' dir='ltr'>dixit</span> <span class='ocrx_word' id='word_1_151' title='bbox 1678 1486 1688 1513; x_wconf 77' lang='grc' dir='ltr'>ε</span> 
     </span>
     <span class='ocr_line' id='line_1_19' title="bbox 315 1538 1694 1603; baseline -0.002 -16"><span class='ocrx_word' id='word_1_152' title='bbox 315 1565 336 1586; x_wconf 69' lang='grc' dir='ltr'>(ι</span> <span class='ocrx_word' id='word_1_153' title='bbox 358 1544 533 1587; x_wconf 81' lang='lat' dir='ltr'>Frustra</span> <span class='ocrx_word' id='word_1_154' title='bbox 550 1538 728 1603; x_wconf 86' lang='lat' dir='ltr'>quidam</span> <span class='ocrx_word' id='word_1_155' title='bbox 754 1539 828 1601; x_wconf 86' lang='lat' dir='ltr'>qui</span> <span class='ocrx_word' id='word_1_156' title='bbox 852 1540 1017 1584; x_wconf 81' lang='lat' dir='ltr'>ratione</span> <span class='ocrx_word' id='word_1_157' title='bbox 1040 1539 1279 1585; x_wconf 68' lang='lat' dir='ltr'>vincuntur</span> <span class='ocrx_word' id='word_1_158' title='bbox 1297 1577 1306 1593; x_wconf 85' lang='lat'>‚</span> <span class='ocrx_word' id='word_1_159' title='bbox 1336 1539 1694 1585; x_wconf 85' lang='lat' dir='ltr'>consuetudinem</span> 
     </span>
     <span class='ocr_line' id='line_1_20' title="bbox 313 1606 1694 1674; baseline -0.004 -14"><span class='ocrx_word' id='word_1_160' title='bbox 313 1613 442 1661; x_wconf 87' lang='lat' dir='ltr'>nobis</span> <span class='ocrx_word' id='word_1_161' title='bbox 461 1619 720 1674; x_wconf 80' lang='lat' dir='ltr'>opponunt,</span> <span class='ocrx_word' id='word_1_162' title='bbox 747 1631 766 1649; x_wconf 86' lang='lat'>»</span> <span class='ocrx_word' id='word_1_163' title='bbox 796 1608 990 1654; x_wconf 85' lang='lat' dir='ltr'>dicerent</span> <span class='ocrx_word' id='word_1_164' title='bbox 1022 1610 1078 1654; x_wconf 86' lang='lat' dir='ltr'>ab</span> <span class='ocrx_word' id='word_1_165' title='bbox 1110 1609 1328 1673; x_wconf 79' lang='lat' dir='ltr'>Apostolis</span> <span class='ocrx_word' id='word_1_166' title='bbox 1352 1606 1571 1656; x_wconf 84' lang='lat' dir='ltr'>traditam.</span> <span class='ocrx_word' id='word_1_167' title='bbox 1605 1610 1694 1655; x_wconf 72' lang='lat' dir='ltr'>&#39;Nec</span> 
     </span>
     <span class='ocr_line' id='line_1_21' title="bbox 317 1679 1695 1743; baseline -0.004 -13"><span class='ocrx_word' id='word_1_168' title='bbox 317 1682 490 1731; x_wconf 75' lang='lat' dir='ltr'>invenio</span> <span class='ocrx_word' id='word_1_169' title='bbox 508 1697 586 1726; x_wconf 89' lang='lat' dir='ltr'>cur</span> <span class='ocrx_word' id='word_1_170' title='bbox 608 1679 735 1724; x_wconf 85' lang='lat' dir='ltr'>istam</span> <span class='ocrx_word' id='word_1_171' title='bbox 761 1679 1120 1724; x_wconf 85' lang='lat' dir='ltr'>consuetudinem</span> <span class='ocrx_word' id='word_1_172' title='bbox 1140 1717 1149 1735; x_wconf 73' lang='lat'><strong>‚</strong></span> <span class='ocrx_word' id='word_1_173' title='bbox 1178 1697 1277 1743; x_wconf 80' lang='lat' dir='ltr'>quae</span> <span class='ocrx_word' id='word_1_174' title='bbox 1296 1690 1395 1742; x_wconf 85' lang='lat' dir='ltr'>post</span> <span class='ocrx_word' id='word_1_175' title='bbox 1420 1679 1695 1743; x_wconf 72' lang='lat' dir='ltr'>Cyprianuin</span> 
     </span>
     <span class='ocr_line' id='line_1_22' title="bbox 317 1748 1694 1814; baseline -0.004 -14"><span class='ocrx_word' id='word_1_176' title='bbox 317 1755 447 1800; x_wconf 85' lang='lat' dir='ltr'>etiam</span> <span class='ocrx_word' id='word_1_177' title='bbox 467 1749 662 1814; x_wconf 84' lang='lat' dir='ltr'>plenario</span> <span class='ocrx_word' id='word_1_178' title='bbox 694 1748 826 1794; x_wconf 84' lang='lat' dir='ltr'>totius</span> <span class='ocrx_word' id='word_1_179' title='bbox 843 1749 962 1795; x_wconf 86' lang='lat' dir='ltr'>orbis</span> <span class='ocrx_word' id='word_1_180' title='bbox 987 1749 1174 1795; x_wconf 86' lang='lat' dir='ltr'>concilio</span> <span class='ocrx_word' id='word_1_181' title='bbox 1206 1750 1463 1795; x_wconf 86' lang='lat' dir='ltr'>confirmata</span> <span class='ocrx_word' id='word_1_182' title='bbox 1495 1760 1579 1804; x_wconf 84' lang='lat' dir='ltr'>est,</span> <span class='ocrx_word' id='word_1_183' title='bbox 1607 1760 1694 1794; x_wconf 88' lang='lat' dir='ltr'>tam</span> 
     </span>
     <span class='ocr_line' id='line_1_23' title="bbox 318 1818 1694 1883; baseline -0.004 -13"><span class='ocrx_word' id='word_1_184' title='bbox 318 1825 544 1870; x_wconf 85' lang='lat' dir='ltr'>robustam</span> <span class='ocrx_word' id='word_1_185' title='bbox 578 1830 621 1865; x_wconf 91' lang='lat' dir='ltr'>et</span> <span class='ocrx_word' id='word_1_186' title='bbox 660 1829 782 1864; x_wconf 85' lang='lat' dir='ltr'>antea</span> <span class='ocrx_word' id='word_1_187' title='bbox 819 1818 935 1864; x_wconf 88' lang='lat' dir='ltr'>idem</span> <span class='ocrx_word' id='word_1_188' title='bbox 969 1820 1217 1883; x_wconf 60' lang='lat' dir='ltr'>Cyprianus</span> <span class='ocrx_word' id='word_1_189' title='bbox 1245 1820 1480 1877; x_wconf 79' lang='lat' dir='ltr'>invenerit,</span> <span class='ocrx_word' id='word_1_190' title='bbox 1514 1831 1562 1865; x_wconf 89' lang='lat' dir='ltr'>ut</span> <span class='ocrx_word' id='word_1_191' title='bbox 1593 1836 1694 1866; x_wconf 88' lang='lat' dir='ltr'>cum</span> 
     </span>
     <span class='ocr_line' id='line_1_24' title="bbox 320 1888 1695 1953; baseline -0.004 -14"><span class='ocrx_word' id='word_1_192' title='bbox 320 1898 410 1953; x_wconf 80' lang='lat' dir='ltr'>ejus</span> <span class='ocrx_word' id='word_1_193' title='bbox 443 1888 668 1935; x_wconf 81' lang='lat' dir='ltr'>mutandae</span> <span class='ocrx_word' id='word_1_194' title='bbox 703 1888 1001 1933; x_wconf 85' lang='lat' dir='ltr'>auctoritatem</span> <span class='ocrx_word' id='word_1_195' title='bbox 1029 1906 1162 1952; x_wconf 82' lang='lat' dir='ltr'>quam</span> <span class='ocrx_word' id='word_1_196' title='bbox 1196 1900 1444 1952; x_wconf 75' lang='lat' dir='ltr'>sequeretur</span> <span class='ocrx_word' id='word_1_197' title='bbox 1481 1890 1549 1936; x_wconf 68' lang='lat' dir='ltr'>vir</span> <span class='ocrx_word' id='word_1_198' title='bbox 1575 1899 1695 1935; x_wconf 88' lang='lat' dir='ltr'>tanta</span> 
     </span>
     <span class='ocr_line' id='line_1_25' title="bbox 321 1957 1694 2022; baseline -0.006 -12"><span class='ocrx_word' id='word_1_199' title='bbox 321 1961 498 2010; x_wconf 87' lang='lat' dir='ltr'>scientia</span> <span class='ocrx_word' id='word_1_200' title='bbox 513 1957 724 2022; x_wconf 74' lang='lat' dir='ltr'>praeditus</span> <span class='ocrx_word' id='word_1_201' title='bbox 741 1968 970 2019; x_wconf 66' lang='lat' dir='ltr'>quaereret,</span> <span class='ocrx_word' id='word_1_202' title='bbox 992 1974 1079 2001; x_wconf 88' lang='lat' dir='ltr'>non</span> <span class='ocrx_word' id='word_1_203' title='bbox 1097 1958 1177 2002; x_wconf 88' lang='lat' dir='ltr'>nisi</span> <span class='ocrx_word' id='word_1_204' title='bbox 1196 1958 1248 2002; x_wconf 91' lang='lat' dir='ltr'>in·</span> <span class='ocrx_word' id='word_1_205' title='bbox 1261 1958 1406 2003; x_wconf 81' lang='lat' dir='ltr'>Africa</span> <span class='ocrx_word' id='word_1_206' title='bbox 1424 1958 1694 2003; x_wconf 86' lang='lat' dir='ltr'>sola-factum</span> 
     </span>
     <span class='ocr_line' id='line_1_26' title="bbox 319 2026 1696 2097; baseline -0.005 -18"><span class='ocrx_word' id='word_1_207' title='bbox 319 2031 473 2097; x_wconf 80' lang='lat' dir='ltr'>paucis</span> <span class='ocrx_word' id='word_1_208' title='bbox 493 2038 589 2074; x_wconf 87' lang='lat' dir='ltr'>ante</span> <span class='ocrx_word' id='word_1_209' title='bbox 607 2044 648 2072; x_wconf 91' lang='lat' dir='ltr'>se</span> <span class='ocrx_word' id='word_1_210' title='bbox 672 2027 794 2071; x_wconf 84' lang='lat' dir='ltr'>annis</span> <span class='ocrx_word' id='word_1_211' title='bbox 815 2026 1047 2089; x_wconf 82' lang='lat' dir='ltr'>Agrippini</span> <span class='ocrx_word' id='word_1_212' title='bbox 1065 2026 1302 2072; x_wconf 88' lang='lat' dir='ltr'>concilium</span> <span class='ocrx_word' id='word_1_213' title='bbox 1318 2029 1538 2091; x_wconf 85' lang='lat' dir='ltr'>reperiret.</span> <span class='ocrx_word' id='word_1_214' title='bbox 1563 2027 1696 2084; x_wconf 86' lang='lat' dir='ltr'>Quod</span> 
     </span>
     <span class='ocr_line' id='line_1_27' title="bbox 321 2096 1696 2149; baseline -0.005 0"><span class='ocrx_word' id='word_1_215' title='bbox 321 2120 423 2149; x_wconf 88' lang='lat' dir='ltr'>cum</span> <span class='ocrx_word' id='word_1_216' title='bbox 446 2098 530 2146; x_wconf 86' lang='lat' dir='ltr'>sibi</span> <span class='ocrx_word' id='word_1_217' title='bbox 555 2097 757 2142; x_wconf 71' lang='lat' dir='ltr'>adversus</span> <span class='ocrx_word' id='word_1_218' title='bbox 784 2096 911 2141; x_wconf 86' lang='lat' dir='ltr'>totius</span> <span class='ocrx_word' id='word_1_219' title='bbox 938 2096 1056 2141; x_wconf 82' lang='lat' dir='ltr'>orbis</span> <span class='ocrx_word' id='word_1_220' title='bbox 1080 2113 1244 2142; x_wconf 88' lang='lat' dir='ltr'>morem</span> <span class='ocrx_word' id='word_1_221' title='bbox 1272 2115 1360 2142; x_wconf 87' lang='lat' dir='ltr'>non</span> <span class='ocrx_word' id='word_1_222' title='bbox 1384 2098 1575 2144; x_wconf 81' lang='lat' dir='ltr'>sufficere</span> <span class='ocrx_word' id='word_1_223' title='bbox 1599 2115 1696 2143; x_wconf 89' lang='lat' dir='ltr'>cer-</span> 
     </span>
     <span class='ocr_line' id='line_1_28' title="bbox 322 2167 1696 2232; baseline -0.005 -12"><span class='ocrx_word' id='word_1_224' title='bbox 322 2182 443 2220; x_wconf 89' lang='lat' dir='ltr'>neret</span> <span class='ocrx_word' id='word_1_225' title='bbox 459 2207 470 2227; x_wconf 84' lang='lat'>‚</span> <span class='ocrx_word' id='word_1_226' title='bbox 492 2169 574 2215; x_wconf 87' lang='lat' dir='ltr'>has</span> <span class='ocrx_word' id='word_1_227' title='bbox 598 2167 783 2213; x_wconf 87' lang='lat' dir='ltr'>rationes</span> <span class='ocrx_word' id='word_1_228' title='bbox 807 2167 991 2230; x_wconf 85' lang='lat' dir='ltr'>arripuit</span> <span class='ocrx_word' id='word_1_229' title='bbox 1009 2204 1019 2222; x_wconf 78' lang='lat'>‚</span> <span class='ocrx_word' id='word_1_230' title='bbox 1054 2183 1160 2229; x_wconf 86' lang='lat' dir='ltr'>quas</span> <span class='ocrx_word' id='word_1_231' title='bbox 1181 2168 1312 2213; x_wconf 84' lang='lat' dir='ltr'>modo</span> <span class='ocrx_word' id='word_1_232' title='bbox 1339 2186 1414 2214; x_wconf 91' lang='lat' dir='ltr'>nos</span> <span class='ocrx_word' id='word_1_233' title='bbox 1439 2169 1696 2232; x_wconf 87' lang='lat' dir='ltr'>antiquitate</span> 
     </span>
     <span class='ocr_line' id='line_1_29' title="bbox 322 2236 1696 2306; baseline -0.004 -17"><span class='ocrx_word' id='word_1_234' title='bbox 322 2243 458 2306; x_wconf 81' lang='lat' dir='ltr'>ipsius</span> <span class='ocrx_word' id='word_1_235' title='bbox 476 2236 801 2284; x_wconf 86' lang='lat' dir='ltr'>consuetudinis</span> <span class='ocrx_word' id='word_1_236' title='bbox 818 2274 828 2292; x_wconf 84' lang='lat'>‚</span> <span class='ocrx_word' id='word_1_237' title='bbox 855 2247 896 2282; x_wconf 88' lang='lat' dir='ltr'>et</span> <span class='ocrx_word' id='word_1_238' title='bbox 919 2237 1103 2300; x_wconf 83' lang='lat' dir='ltr'>plenarii</span> <span class='ocrx_word' id='word_1_239' title='bbox 1131 2247 1278 2300; x_wconf 80' lang='lat' dir='ltr'>postea</span> <span class='ocrx_word' id='word_1_240' title='bbox 1302 2238 1475 2284; x_wconf 89' lang='lat' dir='ltr'>concilii</span> <span class='ocrx_word' id='word_1_241' title='bbox 1502 2238 1696 2284; x_wconf 89' lang='lat' dir='ltr'>auctori-</span> 
     </span>
     <span class='ocr_line' id='line_1_30' title="bbox 325 2306 1695 2371; baseline -0.005 -12"><span class='ocrx_word' id='word_1_242' title='bbox 325 2324 412 2359; x_wconf 88' lang='lat' dir='ltr'>tate</span> <span class='ocrx_word' id='word_1_243' title='bbox 438 2307 627 2364; x_wconf 81' lang='lat' dir='ltr'>firmati,</span> <span class='ocrx_word' id='word_1_244' title='bbox 660 2306 907 2366; x_wconf 82' lang='lat' dir='ltr'>diligentius</span> <span class='ocrx_word' id='word_1_245' title='bbox 936 2306 1251 2352; x_wconf 85' lang='lat' dir='ltr'>considerantes</span> <span class='ocrx_word' id='word_1_246' title='bbox 1271 2345 1281 2362; x_wconf 87' lang='lat'>,</span> <span class='ocrx_word' id='word_1_247' title='bbox 1315 2308 1405 2354; x_wconf 78' lang='lat' dir='ltr'>veri</span> <span class='ocrx_word' id='word_1_248' title='bbox 1427 2307 1583 2353; x_wconf 89' lang='lat' dir='ltr'>similes</span> <span class='ocrx_word' id='word_1_249' title='bbox 1611 2325 1695 2371; x_wconf 88' lang='lat' dir='ltr'>po—</span> 
     </span>
     <span class='ocr_line' id='line_1_31' title="bbox 324 2377 1696 2445; baseline -0.005 -16"><span class='ocrx_word' id='word_1_250' title='bbox 324 2384 410 2429; x_wconf 88' lang='lat' dir='ltr'>tius</span> <span class='ocrx_word' id='word_1_251' title='bbox 426 2395 560 2445; x_wconf 88' lang='lat' dir='ltr'>quam</span> <span class='ocrx_word' id='word_1_252' title='bbox 583 2394 704 2424; x_wconf 83' lang='lat' dir='ltr'>veras</span> <span class='ocrx_word' id='word_1_253' title='bbox 725 2394 810 2423; x_wconf 88' lang='lat' dir='ltr'>esse</span> <span class='ocrx_word' id='word_1_254' title='bbox 828 2377 1072 2424; x_wconf 74' lang='lat' dir='ltr'>invenimus</span> <span class='ocrx_word' id='word_1_255' title='bbox 1096 2395 1105 2422; x_wconf 91' lang='lat'>:</span> <span class='ocrx_word' id='word_1_256' title='bbox 1129 2395 1227 2441; x_wconf 82' lang='lat' dir='ltr'>quae</span> <span class='ocrx_word' id='word_1_257' title='bbox 1251 2378 1314 2424; x_wconf 88' lang='lat' dir='ltr'>illi</span> <span class='ocrx_word' id='word_1_258' title='bbox 1339 2396 1451 2424; x_wconf 70' lang='lat' dir='ltr'>verte</span> <span class='ocrx_word' id='word_1_259' title='bbox 1472 2379 1574 2424; x_wconf 76' lang='lat' dir='ltr'>visae</span> <span class='ocrx_word' id='word_1_260' title='bbox 1596 2388 1696 2423; x_wconf 90' lang='lat' dir='ltr'>sunt</span> 
     </span>
     <span class='ocr_line' id='line_1_32' title="bbox 325 2446 1696 2511; baseline -0.007 -10"><span class='ocrx_word' id='word_1_261' title='bbox 325 2454 373 2501; x_wconf 86' lang='lat' dir='ltr'>in</span> <span class='ocrx_word' id='word_1_262' title='bbox 401 2447 706 2498; x_wconf 86' lang='lat' dir='ltr'>obscurissima</span> <span class='ocrx_word' id='word_1_263' title='bbox 736 2447 974 2511; x_wconf 85' lang='lat' dir='ltr'>quaestione</span> <span class='ocrx_word' id='word_1_264' title='bbox 1004 2446 1248 2504; x_wconf 82' lang='lat' dir='ltr'>laboranti,</span> <span class='ocrx_word' id='word_1_265' title='bbox 1288 2458 1330 2492; x_wconf 91' lang='lat' dir='ltr'>et</span> <span class='ocrx_word' id='word_1_266' title='bbox 1358 2448 1411 2493; x_wconf 90' lang='lat' dir='ltr'>de</span> <span class='ocrx_word' id='word_1_267' title='bbox 1449 2447 1696 2494; x_wconf 89' lang='lat' dir='ltr'>remissione</span> 
     </span>
     <span class='ocr_line' id='line_1_33' title="bbox 323 2517 1695 2592; baseline -0.007 -19"><span class='ocrx_word' id='word_1_268' title='bbox 323 2531 607 2592; x_wconf 79' lang='lat' dir='ltr'>peccatorum</span> <span class='ocrx_word' id='word_1_269' title='bbox 623 2517 857 2565; x_wconf 78' lang='lat' dir='ltr'>fluctuanti</span> <span class='ocrx_word' id='word_1_270' title='bbox 871 2555 884 2576; x_wconf 73' lang='lat'><em>⁷</em></span> <span class='ocrx_word' id='word_1_271' title='bbox 905 2528 1053 2565; x_wconf 89' lang='lat' dir='ltr'>utrum</span> <span class='ocrx_word' id='word_1_272' title='bbox 1077 2518 1124 2565; x_wconf 87' lang='lat' dir='ltr'>iu</span> <span class='ocrx_word' id='word_1_273' title='bbox 1143 2517 1364 2581; x_wconf 87' lang='lat' dir='ltr'>baptismo</span> <span class='ocrx_word' id='word_1_274' title='bbox 1379 2518 1545 2568; x_wconf 88' lang='lat' dir='ltr'>Christi</span> <span class='ocrx_word' id='word_1_275' title='bbox 1562 2518 1695 2582; x_wconf 87' lang='lat' dir='ltr'>possit</span> 
     </span>
    </p>

    <p class='ocr_par' dir='ltr' id='par_1_4' title="bbox 372 2601 620 2652">
     <span class='ocr_line' id='line_1_34' title="bbox 372 2601 620 2652; baseline -0.028 -12"><span class='ocrx_word' id='word_1_276' title='bbox 372 2610 385 2634; x_wconf 84' lang='lat'>¹</span> <span class='ocrx_word' id='word_1_277' title='bbox 402 2605 518 2652; x_wconf 82' lang='lat' dir='ltr'>Ephes.</span> <span class='ocrx_word' id='word_1_278' title='bbox 537 2612 569 2644; x_wconf 74' lang='lat' dir='ltr'>V,</span> <span class='ocrx_word' id='word_1_279' title='bbox 586 2601 620 2634; x_wconf 86' lang='grc'>5.</span> 
     </span>
    </p>
   </div>
   <div class='ocr_carea' id='block_1_3' title="bbox 1848 0 1894 1419">
    <p class='ocr_par' dir='ltr' id='par_1_5' title="bbox 1848 0 1894 1419">
     <span class='ocr_line' id='line_1_35' title="bbox 1848 0 1894 1419; baseline 0 0"><span class='ocrx_word' id='word_1_280' title='bbox 1848 0 1894 1419; x_wconf 95' lang='lat' dir='ltr'> </span> 
     </span>
    </p>
   </div>
   <div class='ocr_carea' id='block_1_4' title="bbox 1878 2370 1884 2598">
    <p class='ocr_par' dir='ltr' id='par_1_6' title="bbox 1878 2312 1894 2598">
     <span class='ocr_line' id='line_1_36' title="bbox 1878 2370 1883 2476; baseline 0 -67"><span class='ocrx_word' id='word_1_281' title='bbox 1878 2370 1883 2476; x_wconf 55' lang='lat'>3</span> 
     </span>
     <span class='ocr_line' id='line_1_37' title="bbox 1879 2479 1884 2598; baseline 0 -18"><span class='ocrx_word' id='word_1_282' title='bbox 1879 2479 1884 2598; x_wconf 65' lang='grc'>1</span> 
     </span>
    </p>
   </div>
  </div>
 </body>
</html>
