1894 3154
316 256 488 289 CONTRA
523 254 768 286 EPISTOLAM
805 254 1102 296 PARMENIANI,
1142 257 1229 288 Lm.
1272 258 1323 288 11.
1437 243 1520 308 187

153 327 262 387 regis
287 324 494 388 Josaphat
516 321 749 385 pessimum
775 323 978 368 meritum
996 324 1105 383 regis
1135 325 1291 370 Achab
1316 343 1326 370 :
1353 326 1455 388 quia
1473 326 1525 371 il-

153 398 246 443 lum
272 394 484 442 Dominus
504 392 558 438 ad
579 410 620 438 se
640 392 946 439 exclamantem
970 412 992 439 a
1018 393 1214 458 periculo
1233 394 1390 440 bellico
1411 395 1526 440 libe-

154 467 287 521 ravit,
313 465 438 510 illum
476 473 615 509 autem
641 463 894 524 sacrilegum
925 475 1269 528 contemptorem
1297 466 1343 511 in
1373 482 1526 511 manus

153 536 345 582 hostium
364 533 507 580 venire
523 533 731 596 permisit.
760 535 815 579 Et
833 534 865 580 si
888 533 996 598 quid
1019 535 1236 598 Josaphat
1255 535 1443 599 periculi
1461 553 1528 581 ex-

154 617 304 671 pertus
325 615 410 660 est,
439 603 559 667 quod
582 603 620 649 ei
646 604 868 667 Propheta
895 605 1060 651 indicat
1085 605 1141 651 ab
1166 606 1231 651 ira
1268 607 1343 652 Dei
1370 606 1523 661 fuisse,

155 694 240 722 non
260 675 397 721 alieno
418 685 628 720 meruerat
650 686 832 737 peccato
852 713 862 728 ‚
893 676 965 721 sed
990 693 1094 730 suo3
1119 677 1220 739 quia
1241 677 1353 722 sicut
1371 678 1408 722 ei
1429 677 1528 723 dic-

156 757 248 792 tum
266 756 327 791 est
345 782 356 801 ,
380 755 633 808 peccantem
660 745 929 805 adjuvabat:
963 745 1037 791 sed
1065 746 1181 809 apud
1209 748 1347 792 Deum
1373 757 1527 792 caetera

156 820 247 876 ejus
263 816 379 861 bona
395 815 507 860 faeta
522 815 863 878 praevaluerunt.
886 816 959 861 Sic
977 817 1088 861 enim
1111 814 1274 861 dicitur
1290 817 1328 861 ei
1351 835 1361 862 :
1383 838 1404 858 α
1424 818 1531 862 Pec-

157 907 178 927 »
198 895 387 930 catorem
409 882 638 944 adiuvisti,
661 895 702 929 ct
720 885 758 929 ei
777 896 929 930 contra
954 885 1193 930 Dominum
1219 886 1381 930 amicus
1404 903 1468 941 es,
1490 895 1532 930 et

150 947 178 998 3>
196 955 240 1001 in
258 955 345 999 hoc
366 971 496 1016 super
520 964 560 998 te
584 955 647 999 ira
666 972 689 999 a
712 954 822 999 facie
848 954 1038 1001 Domini.
1080 955 1305 1000 Sermones
1327 956 1406 1000 Dei
1425 955 1533 1000 boni

157 1025 240 1071 »in
264 1024 471 1071 universis
501 1034 601 1069 sunt
632 1035 776 1069 tecum
796 1062 807 1080 ‚
841 1025 1048 1088 quoniam
1085 1024 1301 1070 abstulisti
1326 1025 1449 1070 lucos
1479 1024 1533 1069 de

148 1117 178 1154 y>
197 1105 336 1150 terra,
363 1105 405 1140 et
432 1093 597 1157 parasti
623 1111 698 1139 cor
723 1096 846 1139 tuum
879 1094 930 1139 ad
957 1094 1264 1158 requirendum
1298 1093 1483 1141 Deum1.
1511 1115 1531 1136 ι)

160 1164 248 1221 Qui
273 1174 413 1209 autem
434 1174 628 1209 versatur
654 1163 699 1208 in
725 1163 917 1209 Ecclesia
946 1165 1024 1209 Dei
1046 1201 1056 1220 ‚
1086 1164 1162 1209 uhi
1191 1175 1289 1209 sunt
1310 1175 1352 1209 ct
1376 1164 1440 1209 illi
1458 1164 1534 1227 qui

157 1252 235 1281 sua
256 1245 484 1298 quaerunt‚
512 1251 597 1278 non
617 1251 716 1297 quae
737 1234 838 1279 Jesu
860 1233 1024 1280 Christi
1049 1253 1059 1280 ι
1082 1256 1101 1275 κ
1126 1235 1214 1291 Qui
1231 1234 1533 1298 perinvidiam

160 1328 180 1348 ›>
198 1317 239 1352 ct
261 1305 583 1351 contentionem
610 1305 835 1350 Christum
859 1306 1142 1360 annuntiant,
1172 1323 1259 1350 non
1283 1316 1395 1350 caste
1419 1323 1429 1350 ε
1455 1326 1474 1346 »
1494 1315 1536 1350 et

160 1377 267 1423 dicit
290 1395 300 1422 :
325 1398 345 1418 «
368 1376 466 1422 Sive
487 1392 564 1438 per
586 1376 853 1421 occasionem
875 1414 885 1432 ‚
913 1376 999 1422 sive
1017 1372 1110 1440 vper
1130 1377 1350 1422 veritatem
1380 1376 1537 1421 Chris-

161 1469 182 1489 »
199 1458 267 1493 tus
291 1445 593 1499 annuntietur3
620 1456 660 1490 et
680 1446 724 1490 in
741 1446 826 1491 hoc
851 1446 1017 1506 gaudeo
1039 1483 1049 1499 ‚
1074 1446 1146 1491 sed
1173 1457 1215 1491 et
1236 1446 1463 1505 gaudeho2
1485 1463 1495 1490 ε
1519 1467 1538 1486 υ

160 1517 417 1581 impollutus
433 1516 544 1560 inter
561 1533 631 1560 eos
652 1527 778 1578 atque
797 1516 961 1576 integer
979 1528 1229 1580 permanet,
1253 1517 1357 1579 quia
1377 1533 1464 1562 non
1482 1516 1539 1561 cis

161 1587 216 1632 ad
240 1604 314 1632 sua
351 1585 588 1648 quaerenda
625 1586 865 1640 consentit,
907 1603 1005 1631 cum
1030 1587 1116 1631 hoc
1151 1587 1299 1649 culpet
1319 1598 1447 1649 atque
1470 1603 1541 1632 rea

160 1656 430 1721 prehendam
453 1672 531 1700 nec
552 1672 621 1700 eos
642 1654 694 1700 ad
721 1656 1022 1718 peccandum,
1045 1656 1114 1702 sed
1140 1657 1192 1702 ad
1214 1657 1303 1702 hoc
1330 1657 1536 1715 adjuvat,

163 1726 278 1772 unde
304 1725 504 1770 Christus
525 1724 654 1770 latius
682 1724 949 1787 praedicetur
967 1762 976 1780 ‚
1003 1737 1044 1770 et
1073 1726 1128 1771 ah
1158 1727 1227 1771 his
1259 1727 1334 1789 qui
1356 1726 1542 1771 audiunt

163 1808 204 1843 et
226 1796 393 1841 faciunt
410 1812 487 1858 per
510 1812 579 1839 cos
604 1795 680 1857 qui
702 1795 819 1858 quod
847 1794 1001 1840 dicunt
1024 1813 1110 1840 non
1136 1796 1304 1841 faciunt
1323 1833 1333 1851 ‚
1365 1796 1541 1840 Christo

164 1865 367 1912 credatur
386 1901 395 1918 ,
423 1865 467 1909 in
493 1864 669 1909 Christo
690 1875 911 1927 speretur,
938 1860 1140 1910 Christus
1171 1865 1391 1925 diligatur.
1419 1865 1542 1910 Tali-

154 1936 248 1983 ‘bus
265 1937 378 1982 enim
400 1935 603 1998 praecipit
623 1935 737 1980 idem
765 1936 998 1997 Apostolus
1021 1937 1168 1982 dicens
1193 1955 1203 1981 :
1228 1959 1247 1977 «
1267 1937 1407 1982 Nolite
1433 1954 1543 1982 con-

166 2008 328 2067 »jungi
351 2023 450 2051 cum
485 2004 751 2052 infidelibus.
787 2006 899 2062 Quae
925 2006 1039 2051 enim
1064 2007 1345 2069 participatio
1363 2007 1544 2066 justitiae

167 2100 187 2120 ›>
206 2095 306 2124 cum
338 2075 567 2138 iniquitate
581 2079 599 2120 ἶ)
640 2076 752 2132 Quae
779 2077 1120 2122 communicatio
1145 2087 1206 2121 est
1232 2077 1322 2121 luci
1347 2077 1399 2122 ad
1424 2088 1546 2121 tene-

169 2169 190 2189 »
209 2148 339 2192 bras?
358 2147 467 2201 Quae
489 2155 628 2189 autem
647 2146 878 2190 conventio
900 2146 1065 2190 Christi
1085 2146 1137 2191 ad
1158 2146 1320 2192 Belial?
1343 2149 1429 2191 Aut
1445 2163 1546 2210 quae

170 2233 307 2280 »pars
328 2215 444 2261 fideli
471 2232 570 2259 cum
596 2215 795 2260 infidelit]
835 2217 922 2271 Qui
952 2213 1094 2261 autem
1131 2233 1360 2262 consensus
1385 2216 1547 2279 templo

168 2308 190 2331 >2
210 2287 285 2332 Dei
309 2303 408 2331 cum
430 2285 702 2331 simulacris?
727 2286 812 2330 Vos
836 2287 947 2331 enim
975 2286 1189 2348 templum
1222 2287 1297 2331 Dei
1323 2287 1408 2331 vivi
1428 2288 1539 2333 estis.

169 2380 189 2400 »
211 2357 328 2402 Dicit
351 2356 464 2401 enim
488 2374 498 2401 ι
530 2357 646 2412 Quia
664 2356 924 2400 inhabitabo
949 2357 993 2400 in
1015 2356 1073 2400 eis
1100 2367 1141 2400 et
1165 2356 1449 2401 inambulabo
1468 2393 1479 2412 ,
1506 2367 1549 2402 et.

170 2450 190 2470 n
207 2445 278 2473 cro
296 2427 468 2471 illorum
496 2428 610 2472 Deus
628 2464 638 2481 ‚
666 2437 708 2471 et
732 2427 815 2488 ipsi
843 2437 968 2471 crunt
990 2426 1096 2471 mihi
1119 2426 1327 2489 populus.
1365 2428 1548 2490 Propter

172 2519 193 2539 »
212 2496 331 2561 quod
351 2495 456 2542 exite
474 2496 526 2541 (ἷο
547 2496 685 2541 medio
708 2513 855 2540 corum
877 2533 886 2551 ‚
911 2495 1018 2541 dicit
1039 2497 1250 2542 Dominus
1269 2534 1279 2553 ,
1302 2508 1340 2541 et
1361 2497 1550 2542 immun-

219 2583 228 2602 ¹
253 2593 269 2611 ’,ι
291 2581 377 2613 Para!
407 2591 471 2612 xxx.
495 2591 526 2610 2.
551 2578 615 2603 ψ’)
635 2578 676 2610 Ph
694 2579 748 2619 ligi.
775 2590 800 2613 ι,
827 2579 941 2610 ‹57-1‘3.
