1894 3154
320 263 375 293 DE
413 263 630 294 BAPTlsMo
667 263 842 295 CONTRA
875 264 1167 307 ῡοΝΛΤιετΑε,
1206 268 1292 299 Lm.
1336 270 1414 300 vn.
1491 257 1576 311 441

213 327 440 392 praedixit3
465 338 506 372 et
530 328 654 372 bonis
688 329 824 373 malos
852 329 896 374 in
926 331 1088 375 unitate
1112 332 1353 388 catholica,
1381 334 1517 380 donec
1542 351 1587 380 in

213 399 298 443 fine
317 416 340 442 a
365 398 510 443 tritico
545 398 669 459 palea
696 409 915 460 separetur
936 435 946 452 ‚
986 400 1098 444 nihil
1125 402 1272 446 obesse
1303 404 1581 450 arbitramur.

214 469 290 513 Isti
318 479 480 521 autem,
508 469 610 530 quia
627 478 668 512 et
694 467 780 512 hoc
805 469 1041 514 concilium
1067 480 1269 533 tanquam
1303 490 1449 534 prose
1478 491 1588 536 pro-

212 537 373 591 ferunt,
401 551 441 582 et
462 537 673 583 malorum
701 539 1005 584 communione
1031 540 1152 602 quasi
1177 542 1432 601 contagione
1451 542 1589 587 bonos

212 607 352 670 perire
371 607 656 661 contendunt,
686 624 772 652 non
797 609 1024 654 inveniunt
1043 609 1264 672 quomodo
1294 611 1476 667 dicant,
1517 623 1590 656 aut

213 678 375 740 priores
393 677 659 722 Christianos
683 677 796 722 unde
814 679 882 723 isti
904 690 1203 742 propagantur
1219 716 1229 734 ,
1250 697 1337 725 non
1357 681 1483 726 fuisse
1497 691 1590 726 tra—-

213 747 392 801 ditores,
421 747 522 810 quia
554 748 633 792 isto
660 748 845 792 concilio
877 749 1202 794 convincuntur
1223 785 1234 804 ‚
1264 760 1338 795 aut
1363 750 1416 795 ad
1441 767 1482 795 se
1502 768 1590 796 non

212 818 426 882 pertinere
449 817 641 863 facinora
662 819 884 881 priorum,
913 823 1017 882 quia
1049 820 1175 865 nobis
1208 823 1390 879 maiores
1422 831 1592 866 nostros

215 887 470 947 objiciunt?

278 958 329 1003 L.
354 959 457 1002 Item
473 957 579 1002 alius
597 957 758 1002 Lucius
772 976 793 1002 a
810 959 1050 1004 Membresa
1065 957 1170 1002 dixit
1194 976 1203 1002 :
1226 958 1482 1021 «Scriptum
1499 969 1589 1004 est:

214 1048 235 1068 «
258 1028 372 1072 Deus
392 1039 662 1090 peccatorem
682 1045 768 1072 non
789 1029 909 1073 audit
935 1028 967 1074 1.
1002 1050 1021 1068 υ
1044 1029 1131 1084 Qui
1154 1040 1360 1091 peccator
1376 1040 1455 1085 est,
1479 1047 1594 1093 quo-

217 1097 349 1142 modo
369 1097 508 1142 audiri
532 1098 576 1142 in
601 1098 820 1160 baptismo
846 1109 1000 1160 potest.

277 1168 351 1212 Ll.
377 1166 709 1230 Respondemus
739 1184 748 1211 ε
778 1168 1014 1224 Quomodo
1040 1167 1217 1214 auditur
1241 1185 1396 1214 avarus
1422 1178 1463 1214 et
1483 1186 1590 1231 rap-

219 1246 283 1281 tor
306 1247 346 1281 et
368 1236 620 1293 foenerator,
645 1248 685 1282 et
701 1237 957 1284 homicida?
981 1241 1048 1284 An
1074 1239 1143 1283 isti
1163 1256 1250 1284 non
1267 1250 1367 1284 sunt
1388 1250 1596 1301 peccato-

216 1312 310 1353 res?
342 1326 449 1372 quos
481 1319 623 1353 tamen
659 1310 906 1371 Cyprianus
939 1311 984 1355 in
1024 1310 1254 1355 Catliolica
1281 1311 1510 1369 objurgat,
1554 1319 1596 1354 et

215 1378 399 1424 tolerat?

279 1450 378 1495 LlI.
410 1450 518 1494 Item
540 1449 645 1494 alius
662 1448 777 1493 Felix
797 1467 819 1494 a
844 1448 1091 1494 Buslacenis
1109 1448 1216 1494 dixit
1234 1467 1244 1493 :
1272 1471 1291 1489 «
1308 1451 1359 1494 In
1378 1449 1597 1495 haereticis

216 1518 305 1564 sine
322 1520 542 1582 baptismo
564 1520 770 1565 Ecclesiae
794 1519 1073 1564 admittendis
1094 1537 1219 1565 nemo
1239 1519 1596 1565 consuetudinem

217 1590 372 1634 rationi
398 1602 438 1635 et
456 1591 625 1635 veritati
650 1601 902 1653 praeponat3
922 1591 1026 1652 quia
1048 1591 1407 1636 consuetudinem
1424 1591 1534 1636 ratio
1556 1600 1596 1635 et

217 1660 373 1705 veritas
397 1678 565 1723 semper
589 1661 791 1707 excludit.
821 1682 841 1702 ))

282 1732 402 1777 tht.
439 1732 554 1777 Huic
581 1732 869 1795 respondetur
895 1749 906 1776 ε
934 1731 1168 1777 Veritatem
1192 1749 1280 1777 non
1310 1730 1516 1782 ostendis,
1544 1730 1598 1776 de

219 1802 531 1846 consuetudine
553 1803 784 1848 confiteris.
822 1803 953 1847 Recte
987 1801 1118 1861 igitur
1150 1802 1505 1847 consuetudinem
1534 1812 1599 1846 te-

218 1887 414 1916 neremus
453 1872 649 1934 plenario
684 1872 870 1917 concilio
908 1872 1147 1934 posteriore
1168 1873 1405 1928 firmatam,
1431 1871 1598 1917 etiamsi

218 1943 374 1987 veritas
401 1942 548 1988 adhuc
583 1943 751 1997 lateret,
788 1959 921 2005 quam
943 1942 1159 1987 credimus
1204 1946 1296 2001 jam
1340 1959 1426 1987 esse
1456 1942 1599 1987 mani—

219 2012 435 2059 festatam.

283 2083 398 2128 LlV.
435 2083 550 2128 Alius
572 2083 832 2128 Saturninus
857 2084 913 2128 ab
945 2083 1134 2129 Abitinis
1164 2083 1271 2128 dixit
1305 2101 1315 2126 ε
1346 2104 1365 2123 α
1389 2083 1434 2128 Si
1460 2092 1600 2145 potest

223 2152 514 2198 Antichristus
534 2153 638 2198 dare
662 2153 987 2213 alicuigratiam
1009 2153 1191 2207 Christi,
1210 2164 1392 2216 possunt
1408 2164 1449 2198 et
1462 2153 1599 2199 haere-

221 2222 295 2268 tici
318 2223 558 2286 baptizare,
577 2224 654 2287 qui
680 2224 885 2287 appellati
904 2234 1004 2269 sunt
1026 2224 1298 2270 Antichristi.

289 2293 378 2340 LV.
419 2293 537 2349 Quid
564 2294 598 2338 si
636 2294 745 2339 alius
782 2294 943 2339 diceret
977 2311 986 2338 ε
1018 2294 1063 2339 Si
1087 2305 1228 2357 potest
1253 2293 1475 2339 homicida
1498 2292 1601 2338 dare

224 2362 352 2408 alicui
384 2363 564 2422 gratiam
600 2364 792 2419 Christi,
830 2374 1012 2427 possunt
1043 2375 1084 2408 et
1120 2364 1195 2427 qui
1235 2363 1388 2409 fratres
1417 2363 1602 2409 oderunt

223 2432 465 2497 baptizare,
505 2435 583 2498 qui
616 2435 828 2500 appellati
866 2446 966 2481 sunt
989 2434 1260 2481 homicidae?
1288 2436 1453 2499 Nempe
1481 2433 1603 2500 quasi

243 2566 245 2568 -
273 2545 283 2570 ¹
302 2548 457 2585 Joan.1x,
476 2547 531 2580 31.
