1894 3154
301 283 391 328 322
721 297 755 327 s.
799 296 1046 328 AUGUSTIM
1081 296 1287 328 Errscorl

295 363 500 423 magistro
521 361 778 426 perditionis
796 363 1052 427 obsequitur
1072 399 1083 421 ‚
1105 362 1214 409 dum
1232 362 1459 409 diabolum
1475 363 1551 427 qui
1566 363 1674 410 zelat

302 433 513 487 imitatur,
532 433 644 478 sicut
658 433 868 496 scriptum
883 443 944 478 est
962 451 972 478 :
990 455 1010 475 α
1026 434 1078 479 In
1094 433 1211 480 vidia
1229 433 1394 480 diaboli
1415 451 1529 480 mors
1544 434 1676 480 intra-

303 524 325 545 »
339 503 402 549 vit
420 503 465 548 in
487 503 637 548 orbem
661 501 915 563 terrarum1‚
932 524 951 544 >2
972 503 1197 549 imitantur
1217 521 1317 564 ergo
1333 504 1456 549 illum
1475 505 1552 567 qui
1575 516 1676 550 sunt

300 591 347 619 ex
370 584 495 638 parte
521 577 626 632 ejus.
651 593 671 614 »
699 577 807 618 Haec
833 573 967 618 verba
989 573 1202 637 Cypriani
1230 575 1277 620 in
1296 575 1478 637 epistola
1497 575 1675 639 populis

301 656 431 699 nota,
461 660 593 706 quam
612 659 712 689 vera
729 680 740 699 ‚
768 659 897 705 quam
919 642 1048 689 fortia
1067 644 1152 690 sint
1179 646 1537 705 recognoscimus
1567 646 1675 692 Vere

301 714 448 761 decuit
468 714 743 777 Cyprianum
767 712 820 758 de
839 713 929 758 zelo
952 724 994 760 et
1015 714 1150 761 livore
1170 726 1211 761 et
1229 732 1405 775 arguere
1427 717 1613 775 graviter
1633 727 1676 762 et

302 802 475 832 monere
493 822 504 841 ‚
533 803 556 830 a
579 800 666 847 quo
686 794 774 828 tam
793 784 1015 830 mortifero
1038 785 1154 831 malo
1174 803 1250 831 cor
1269 790 1359 845 ejus
1380 787 1555 849 penitus
1578 785 1675 831 alie-

299 874 406 902 num
432 866 551 901 tanta
577 854 801 900 charitatis
827 854 1098 900 abundantia
1128 855 1465 919 comprobavit:
1493 872 1580 918 qua
1604 855 1676 901 vi-

304 927 580 988 gilantissime
610 924 825 970 custodita
844 962 855 980 ,
893 942 994 971 cum
1032 926 1204 986 collegis
1234 926 1320 971 suis
1353 943 1441 971 non
1468 925 1675 972 malevole

301 998 353 1044 de
371 997 592 1060 baptismo
616 995 784 1041 diversa
811 996 1119 1054 sentientibus,
1139 1014 1219 1042 nec
1236 998 1327 1060 ipse
1346 996 1556 1043 malevola
1572 1013 1675 1042 con-

300 1070 488 1114 tentione
507 1105 518 1123 ‚
546 1066 618 1111 sed
636 1066 830 1111 humana
849 1068 1083 1112 tentatione
1103 1067 1226 1112 aliter
1245 1067 1416 1130 sapiens
1430 1104 1440 1122 ,
1471 1066 1590 1130 quod
1612 1066 1676 1112 illi

298 1141 414 1185 Deus
431 1137 475 1181 iu
495 1136 706 1181 charitate
724 1137 1016 1197 perseveranti
1042 1153 1143 1182 cum
1171 1136 1299 1182 vellet
1328 1147 1477 1199 postea
1508 1136 1674 1182 revela-

298 1208 409 1262 res-²,
430 1207 473 1251 iu
496 1205 814 1250 communionis
836 1205 998 1250 unitate
1018 1207 1282 1269 permansit,
1305 1217 1450 1270 aperte
1467 1206 1640 1252 dicens3
1660 1225 1670 1251 :

299 1301 319 1319 α
340 1277 563 1323 Neminem
593 1274 868 1334 judicantes,
903 1292 1042 1338 neque
1067 1294 1091 1321 a
1116 1277 1210 1337 jure
1239 1277 1556 1322 communionis
1591 1275 1674 1321 ali—

297 1366 426 1413 quem
448 1346 481 1392 si
505 1345 721 1390 diversum
742 1345 916 1390 senserit
939 1357 1198 1393 amoventes.
1240 1348 1389 1410 Neque
1412 1347 1526 1392 enim
1550 1347 1674 1408 quis-

297 1435 429 1483 quam
448 1426 644 1462 nostrum
661 1414 917 1477 episcopum
938 1432 979 1460 se
999 1416 1306 1479 episcoporum
1324 1416 1555 1462 constituit
1570 1453 1581 1471 ,
1602 1426 1675 1461 aut

297 1488 528 1553 tyrannico
565 1496 726 1531 terrore
763 1485 818 1530 ad
853 1486 1122 1549 obsequendi
1163 1488 1457 1532 necessitatem
1492 1486 1675 1546 collegas

299 1577 398 1606 suos
417 1558 564 1617 adigit.
583 1578 604 1598 >³
625 1558 679 1601 Et
695 1556 740 1601 in
760 1557 844 1601 fine
860 1556 995 1615 hujus
1018 1557 1255 1620 Epistolael‘
1281 1575 1290 1601 :
1316 1579 1336 1599 α
1354 1558 1462 1623 Ηωρ
1480 1557 1561 1609 tibi
1580 1556 1677 1615 bre-

297 1632 408 1677 *viter
429 1667 439 1686 ,
463 1628 632 1692 inquit,
658 1643 740 1689 pro
764 1637 909 1672 nostra
928 1627 1224 1673 mediocritate
1243 1628 1542 1691 rescripsimus
1558 1665 1568 1684 ‚
1589 1627 1676 1672 fra-

299 1714 362 1748 ter
385 1699 657 1753 charissime,
680 1698 843 1743 nemini
860 1699 1192 1761 praescribentes
1211 1711 1286 1744 aut
1310 1698 1672 1762 praejudicantes,

296 1789 383 1837 quo
409 1771 551 1816 minus
580 1768 878 1832 uuusquisque
904 1769 1211 1833 episcoporum
1232 1770 1353 1833 quod
1371 1780 1501 1832 putat
1526 1768 1673 1824 faciat,

301 1843 467 1888 babens
488 1838 656 1884 arbitrii
680 1838 745 1882 sui
763 1838 944 1883 liberam
970 1850 1245 1901 potestatem,
1281 1840 1369 1885 Nos
1399 1838 1678 1902 quantumin

300 1912 427 1959 nobis
442 1920 528 1965 est,
549 1919 729 1971 propter
754 1909 983 1954 haereticos
1011 1927 1110 1954 cum
1135 1910 1309 1968 collegis
1335 1921 1378 1954 et
1401 1908 1678 1972 coepiscopis

302 1982 458 2029 nostris
481 1997 569 2025 non
592 1978 917 2035 contendimus,
952 1996 1053 2024 cum
1083 1980 1244 2042 quibus
1269 1979 1459 2024 divinam
1492 1995 1678 2024 concor-

304 2054 421 2099 diam
448 2062 490 2096 et
525 2049 790 2095 dominicam
824 2066 978 2111 pacem
1016 2060 1234 2103 tenemus;
1278 2051 1459 2095 maxime
1501 2066 1599 2094 cum
1637 2060 1678 2094 et

310 2121 544 2187 Apostolus
568 2119 686 2165 dicat
711 2137 720 2164 z
752 2141 771 2160 «
793 2119 838 2164 Si
861 2119 957 2183 quis
983 2131 1125 2165 autem
1148 2121 1367 2183 putaverit
1386 2120 1678 2165 contentiosus

307 2218 326 2237 >›
346 2211 450 2246 csse,
466 2209 542 2238 nos
563 2189 687 2235 talem
710 2190 1066 2236 consuetudinem
1082 2208 1170 2235 non
1188 2191 1418 2245 habemus,
1439 2206 1579 2252 neque
1596 2191 1678 2235 Ec-

303 2288 324 2307 „
346 2264 473 2309 Clessia
486 2261 602 2307 Dei5.
613 2282 632 2302 »
646 2260 849 2306 Servatur
861 2279 883 2306 a
901 2261 1027 2306 nobis
1039 2261 1253 2323 patienter
1264 2272 1305 2306 et
1323 2261 1475 2306 leniter
1490 2259 1680 2305 charitas

309 2334 466 2389 animi,
487 2331 654 2391 collegii
681 2331 823 2376 honor
839 2368 849 2387 ‚
872 2331 1097 2377 vinculum
1120 2331 1221 2376 fidei
1237 2368 1247 2387 ,
1272 2330 1507 2376 concordia
1536 2346 1679 2374 sacer-

310 2405 431 2452 dotii.
462 2405 649 2465 Propter
666 2402 752 2447 hoc
769 2402 896 2447 etiam
919 2401 1119 2447 libellum
1141 2419 1259 2446 nunc
1280 2401 1332 2446 dc
1350 2402 1467 2446 bono
1501 2400 1679 2445 Patien-

308 2478 405 2532 tias,
429 2484 645 2538 quantum
669 2471 807 2518 valuit
836 2482 981 2518 nostra
1004 2471 1302 2527 mediocritas,
1340 2471 1617 2534 permittente
1638 2480 1680 2515 et

358 2577 368 2597 ¹
382 2577 454 2616 Sap-
473 2583 512 2613 11,
536 2577 590 2607 24-
613 2588 654 2594 -
671 2568 686 2590 ²
700 2569 814 2612 Philip.
834 2582 884 2607 ιη,
909 2572 960 2602 15.
973 2587 1017 2594 —
1036 2567 1102 2602 31n
1120 2569 1457 2612 Conci1.Carthag.-
1475 2566 1489 2592 ⁴
1502 2569 1603 2612 Epist.
1624 2571 1679 2608 73.

307 2629 346 2662 ad
366 2626 514 2659 Jubaian.
532 2641 578 2649 —
599 2621 612 2644 ⁶
635 2634 646 2653 1
671 2624 746 2656 Cor.
762 2633 807 2661 xx,
829 2625 878 2656 16.
