1894 3154
370 211 454 264 142
785 223 818 251 S.
862 221 1107 252 Aueusrim
1142 220 1346 252 Eriscorr

361 288 659 354 quaerentibus
691 286 929 350 Discipulis
971 286 1234 349 explicaret,
1265 280 1355 332 non
1396 285 1456 332 ait
1492 304 1503 331 :
1535 288 1645 347 Ager
1677 298 1740 333 est

364 361 540 413 Africa3
563 358 636 404 sed
653 359 712 404 ait
729 375 740 402 ι
761 378 780 398 c<
804 359 915 416 Ager
935 366 995 402 est
1010 357 1086 402 hic
1105 356 1309 403 mundus.
1337 379 1357 399 ³>
1377 359 1460 403 Per
1478 368 1615 403 totum
1637 375 1737 418 ergo

322 483 326 487 .
362 448 403 476 m
412 430 576 476 undum
595 446 706 488 seges
723 428 803 473 ista
820 427 1028 471 seminata
1046 437 1124 481 est,
1145 444 1223 488 per
1242 437 1383 472 totum
1398 427 1739 490 superseminata

360 501 522 546 zizania
538 537 548 555 ‚
573 517 651 562 per
673 509 815 543 totum
839 498 993 542 crescit
1031 507 1266 559 utrumque
1295 514 1431 560 usque
1454 498 1508 543 ad
1536 515 1728 544 messem.

362 569 589 634 Numquid
615 578 690 613 aut
719 569 915 613 Donatus
949 566 1033 611 fuit
1068 570 1207 625 major
1230 583 1415 622 messor,
1441 578 1514 612 aut
1547 584 1596 612 eo
1622 578 1736 613 tem-

359 658 491 704 pore,
518 656 605 702 quo
635 656 676 684 se
705 638 774 683 isti
808 655 831 682 a
862 648 1076 682 terrarum
1109 638 1216 682 orbe
1251 648 1527 700 separarunt,
1566 649 1735 701 tempus

358 711 503 756 messis
525 710 784 755 advenerat?
821 709 937 754 Cum
967 708 1083 753 idem
1115 708 1328 753 Dominus
1353 726 1406 753 ne
1435 708 1564 754 alicui
1588 708 1734 754 liceret

354 781 629 846 interpretari
655 780 777 844 quod
805 780 960 834 vellet,
999 779 1266 842 apertissime
1295 779 1449 825 dixerit
1480 799 1490 825 :
1535 802 1555 822 c<
1586 781 1734 827 Messis

356 876 378 896 »
398 864 541 899 autem
566 862 626 897 est
650 851 748 896 finis
767 849 917 895 saeeuli
933 887 943 905 ,
967 866 1169 894 messores
1195 860 1334 894 autem
1361 850 1514 910 Angeli
1538 851 1686 898 sunt1.
1711 872 1732 892 ›)

354 924 479 970 Tales
498 922 612 967 enim
632 937 835 966 messores
855 936 995 964 errare
1013 937 1100 964 non
1125 930 1307 982 possunt
1324 957 1334 975 ‚
1362 930 1410 964 ut
1428 920 1495 966 vel
1515 920 1733 967 frumenta

351 1011 436 1057 pro
454 992 627 1038 zizaniis
645 991 853 1049 colligant
869 1027 879 1043 ,
902 989 970 1034 vel
988 1006 1070 1051 pro
1090 989 1318 1034 frumentis
1335 990 1495 1035 zizania
1514 990 1724 1050 redigant.

354 1065 431 1109 lsti
451 1073 591 1108 autem
612 1078 712 1105 cum
729 1060 851 1122 quasi
868 1059 1029 1104 zizania
1046 1059 1245 1118 fugiunt,
1270 1077 1310 1104 se
1327 1061 1443 1122 ipsos
1458 1077 1544 1106 esse
1567 1061 1729 1107 zizania

351 1134 724 1185 demonstrarunt,
759 1130 804 1174 in
838 1129 1181 1175 manifestissimo
1207 1130 1426 1189 sacrilegio
1451 1141 1604 1175 eontra
1630 1148 1730 1177 sen-

351 1204 531 1249 tentiam
555 1200 732 1246 Domini
769 1199 1059 1262 praedicantes
1084 1217 1094 1243 2
1123 1210 1171 1243 ut
1195 1216 1295 1244 eum
1321 1199 1393 1244 ille
1417 1200 1563 1246 dicat:
1591 1201 1727 1247 Sinite

348 1285 533 1336 utraque
551 1287 738 1318 creseere
758 1286 891 1332 usque
915 1270 967 1314 ad
987 1287 1163 1315 messem
1183 1290 1194 1323 ;
1221 1270 1289 1314 isti
1307 1287 1384 1333 per
1408 1281 1496 1316 tam
1520 1288 1726 1331 magnum

351 1361 502 1404 agrum
520 1380 531 1398 ,
558 1341 603 1387 id
631 1351 714 1396 est,
750 1350 889 1384 totum
920 1339 1157 1394 mundum,
1185 1340 1346 1385 zizania
1379 1358 1592 1397 creseere,
1626 1341 1725 1388 fru—

348 1424 492 1459 menta
507 1429 609 1458 vero
630 1411 844 1456 diminuta
865 1447 874 1463 ‚
904 1421 945 1455 et
975 1410 1018 1454 in
1053 1410 1141 1456 sola
1171 1410 1318 1468 Africa
1352 1412 1600 1457 remansisse
1623 1429 1725 1457 con·

348 1483 552 1538 tendant,
596 1481 773 1526 Christo
799 1480 887 1538 regi
920 1490 961 1523 et
991 1479 1183 1542 principi
1215 1490 1361 1525 nostro
1395 1481 1642 1541 sacrilegam
1661 1481 1723 1527 fa-

346 1555 503 1599 cientes
537 1552 758 1610 injuriam.
802 1549 1028 1611 Scriptum
1063 1559 1125 1593 est
1156 1549 1271 1594 enim
1305 1567 1314 1593 :
1352 1571 1372 1590 «
1399 1552 1450 1595 ln
1476 1550 1562 1596 lata
1598 1561 1722 1610 gente

344 1646 364 1665 ))
386 1624 521 1683 gloria
537 1622 682 1681 -regis,
725 1620 770 1664 in
806 1619 1102 1664 diminutione
1135 1630 1277 1665 autem
1315 1620 1475 1683 populi
1518 1622 1721 1668 centritio

343 1716 365 1736 Β
383 1692 644 1758 principis?
673 1713 692 1732 »
720 1690 803 1735 Sed
820 1694 909 1749 jam
942 1700 1112 1752 tempus
1142 1701 1204 1735 est
1220 1728 1229 1743 ,
1249 1701 1464 1753 quantum
1494 1693 1688 1737 existimo
1705 1730 1716 1750 ,

339 1765 434 1828 ipsa
460 1761 701 1809 testimonia
739 1760 1064 1822 Scripturarum
1084 1796 1094 1814 ,
1129 1777 1227 1823 quae
1256 1759 1365 1805 male
1388 1761 1715 1824 interpretando

339 1834 570 1896 decipiunt
610 1831 856 1893 imperitos,
894 1828 1120 1887 diligenter
1153 1829 1392 1883 attendere,
1434 1841 1476 1875 et
1501 1842 1715 1894 quantum

341 1904 556 1950 Dominus
579 1900 736 1954 donat,
764 1897 1006 1944 seeundum
1024 1898 1295 1944 intellectum
1311 1899 1543 1946 catholicae
1562 1901 1715 1948 verita·
1761 1947 1775 1954 ,

339 1975 392 2020 tis
417 1972 596 2036 aperire.

385 2062 395 2085 ¹
415 2060 531 2092 Matrix.
546 2069 616 2096 xm,
638 2059 690 2097 39.
710 2074 757 2080 —-
771 2055 787 2077 2
807 2057 901 2090 Prov.
917 2067 986 2094 xiv,
1005 2058 1058 2087 28.
