1894 3154
310 256 402 311 342
730 266 765 295 s.
810 240 1054 294 Aucusrlm
1090 255 1295 292 EPIScoPI

309 356 331 377 »
350 333 564 381 exauditae
586 341 689 379 sunt
720 328 932 376 orationes
959 325 1099 381 tuae13
1122 348 1143 369 »
1166 340 1306 390 neque
1329 324 1364 371 si
1391 325 1602 372 sufficeret
1628 321 1686 372 ad

309 403 622 469 capessendum
647 417 829 462 regnum
861 394 1100 454 coelorum,
1132 407 1182 443 ut
1206 396 1261 442 ad
1291 397 1471 443 Petrum
1496 396 1685 443 mitteret

307 485 559 521 moneretur
579 491 590 519 ε
611 473 670 518 sic
689 488 777 517 non
794 479 856 516 est
873 467 1217 532 improbandum
1239 467 1549 527 Evangelicum
1565 468 1685 531 bap-

307 547 423 592 tismi
446 553 791 597 sacramentum,
830 539 997 585 etiamsi
1032 547 1149 583 extra
1176 538 1410 583 Ecclesiam
1444 537 1576 583 fuerit
1608 555 1685 584 ac-

307 626 485 678 ceptum
508 632 518 659 :
540 612 661 676 quod
689 621 834 656 tamen
861 609 964 672 quia
983 624 1073 654 non
1096 607 1275 671 proficit
1300 607 1354 653 ad
1375 607 1577 665 salutem,
1604 609 1686 655 nisi

307 686 379 731 ille
398 685 476 749 qui
492 682 628 729 habet
649 681 940 741 integritatem
965 679 1203 745 baptismi,
1230 696 1305 724 sua
1333 695 1508 742 quoque
1532 680 1686 742 pravi-

309 767 394 802 tate
427 765 644 809 correcta,
682 752 988 814 incorporetur
1023 748 1257 803 Ecclesiae3
1289 748 1349 795 sic
1377 750 1685 795 haereticorum

307 828 575 887 corrigamus
598 839 785 870 errorem
801 859 812 879 ,
849 831 896 867 ut
923 820 1045 885 quod
1067 821 1113 867 in
1140 820 1198 866 eis
1218 857 1228 875 ‚
1273 834 1362 866 non
1393 831 1545 866 eorum
1561 858 1572 877 ,
1612 819 1685 867 sed

307 896 469 944 Christi
491 907 577 953 est,
600 908 898 955 agnoscamus,

370 965 533 1013 XXIX.
574 962 789 1028 Baptismi
812 976 912 1008 sane
937 962 1079 1008 vicem
1101 961 1338 1025 aliquando
1367 960 1549 1024 implere
1578 977 1685 1024 pas-

306 1037 522 1093 sionem2‚
551 1036 604 1082 de
630 1035 796 1081 latrone
823 1033 898 1079 illo
925 1032 997 1078 cui
1028 1050 1117 1079 non
1141 1031 1367 1095 baptizato
1393 1031 1562 1077 dictum
1585 1041 1648 1077 est
1670 1049 1681 1076 :

304 1129 324 1149 c<
346 1108 487 1154 Hodie
509 1123 681 1152 mecum
705 1106 786 1150 eris
807 1105 852 1149 in
877 1103 1109 1167 paradiso3
1125 1140 1136 1159 ,
1158 1124 1179 1144 »
1202 1119 1293 1148 non
1323 1101 1416 1147 leve
1441 1102 1687 1147 documen-

306 1191 400 1225 tum
417 1176 533 1224 idem
551 1177 706 1222 beatus
730 1174 982 1238 Cyprianus
1003 1173 1181 1219 assumit
1207 1191 1218 1217 :
1247 1171 1367 1236 quod
1396 1171 1525 1217 etiam
1558 1181 1687 1235 atque

307 1250 436 1295 etiam
475 1246 772 1301 considerans,
813 1244 987 1290 invenio
1020 1261 1109 1289 non
1140 1252 1310 1288 tantum
1330 1242 1573 1305 passionem
1604 1258 1686 1304 pro

307 1320 481 1365 nomine
497 1317 664 1363 Christi
677 1316 722 1361 id
738 1314 858 1379 quod
872 1331 919 1359 ex
932 1314 1153 1377 baptismo
1171 1313 1316 1358 deerat
1329 1329 1452 1375 posse
1469 1309 1686 1375 supplere,

307 1390 380 1436 sed
397 1389 527 1434 etiam
550 1387 681 1433 fidem
708 1386 1120 1447 conversionemque
1141 1382 1284 1428 cordis
1299 1420 1309 1439 ,
1344 1383 1378 1427 si
1402 1382 1510 1428 forte
1535 1381 1589 1427 ad
1612 1398 1687 1427 ce-

306 1458 569 1506 lebrandum
593 1455 847 1520 mysterium
880 1454 1092 1518 baptismi
1120 1453 1167 1498 in
1198 1451 1401 1512 angustiis
1438 1462 1686 1515 temporum

306 1529 505 1576 succurri
535 1544 624 1573 non
655 1535 813 1589 potest.
855 1524 1005 1587 Neque
1040 1522 1156 1569 enim
1179 1522 1288 1568 latro
1308 1521 1379 1567 ille
1404 1538 1486 1585 pro
1512 1521 1687 1566 nomine

307 1600 474 1646 Christi
506 1597 738 1645 crucifixus
773 1606 863 1651 est,
906 1594 979 1641 sed
1002 1611 1085 1657 pro
1110 1593 1273 1639 meritis
1306 1592 1551 1638 facinorum
1582 1608 1688 1637 suo-

305 1687 404 1716 rum
428 1688 439 1715 :
469 1686 550 1715 nec
565 1668 669 1732 quia
693 1665 878 1713 credidit
895 1681 1046 1729 passus
1065 1675 1127 1709 est
1147 1701 1157 1719 ,
1179 1663 1252 1709 sed
1276 1662 1382 1708 dum
1401 1662 1568 1726 patitur
1589 1678 1686 1707 cre-

305 1740 432 1787 didit.
480 1740 708 1796 Quantum
742 1737 891 1799 itaque
926 1735 1068 1782 valeat
1102 1735 1232 1780 etiam
1252 1734 1340 1779 sine
1363 1732 1523 1779 visibili
1541 1749 1687 1778 sacra-

305 1821 451 1857 mento
475 1809 707 1872 baptismi,
739 1806 858 1871 quod
889 1807 947 1852 ait
973 1805 1242 1869 Apostolus:
1281 1803 1464 1849 «Corde
1495 1802 1687 1849 creditur

305 1903 326 1923 »
348 1881 401 1926 ad
421 1880 636 1940 justitiam
655 1916 667 1934 ,
695 1895 767 1923 ore
791 1888 934 1922 autem
959 1876 1167 1922 confessio
1194 1877 1245 1921 fit
1263 1874 1317 1921 ad
1343 1873 1576 1928 salutem43
1597 1896 1618 1916 »
1641 1873 1687 1919 in

304 1951 381 1998 illo
399 1950 567 1997 latrone
587 1947 855 1993 declaratum
880 1955 956 1992 est.
987 1945 1072 1991 Sed
1097 1955 1202 1990 tunc
1221 1944 1431 2007 impletur
1449 1941 1687 1989 invisibili-

304 2033 396 2077 ter,
425 2036 527 2066 cum
544 2018 834 2064 ministerium
857 2015 1068 2080 baptismi
1095 2032 1183 2061 non
1210 2024 1486 2078 contemptus
1508 2012 1685 2073 religio-

303 2092 393 2148 nis,
418 2089 492 2136 sed
511 2087 720 2135 articulus
736 2087 1001 2133 necessitatis
1024 2084 1227 2133 excludit.
1257 2086 1370 2131 Nam
1389 2082 1526 2129 multo
1550 2082 1686 2142 magis

303 2164 350 2210 in
375 2160 578 2208 Cornelio
597 2170 639 2206 et
662 2159 708 2205 in
730 2158 878 2205 amicis
898 2162 988 2218 ers
1007 2195 1019 2214 ,
1043 2174 1174 2221 quam
1196 2156 1243 2202 in
1260 2155 1335 2202 illo
1354 2154 1522 2201 latrone
1541 2161 1686 2217 posset

303 2232 442 2279 videri
466 2230 739 2294 superfluum
758 2267 769 2287 ,
796 2240 845 2274 ut
872 2246 985 2293 aqua
1005 2228 1135 2274 etiam
1158 2227 1483 2288 tinguerentur,
1514 2224 1560 2270 in
1583 2223 1684 2288 qui-

298 2304 384 2349 bus
404 2307 495 2362 jam
523 2301 689 2347 donum
709 2300 900 2364 Spiritus
920 2299 1086 2356 sancti,
1114 2298 1234 2362 quod
1262 2315 1352 2343 non
1369 2296 1451 2343 nisi
1479 2295 1683 2358 baptiza-

302 2385 367 2419 tos
386 2373 489 2418 alios
508 2372 721 2436 accepisse
740 2382 888 2418 sancta
909 2371 1137 2435 Scriptura
1154 2379 1352 2426 testatur,
1373 2377 1491 2414 certo
1510 2382 1684 2429 quoque

299 2444 463 2491 indicio
494 2442 613 2506 quod
649 2443 733 2489 illis
767 2443 1040 2507 temporibus
1064 2440 1356 2502 congruebat,
1395 2455 1495 2484 cum
1522 2437 1683 2497 linguis

299 2516 582 2579 loquerentur
597 2551 609 2571 ,
634 2513 888 2561 eminuerat.
911 2513 1129 2578 Baptizati
1149 2521 1249 2559 sunt
1267 2521 1411 2557 tamen
1435 2527 1448 2554 ε
1468 2517 1513 2554 et
1531 2507 1577 2554 in
1594 2506 1682 2554 hoc

345 2596 357 2619 ¹
376 2598 450 2631 Act.
470 2606 506 2642 x,
520 2593 698 2643 4‘3¹.·-²
712 2607 730 2630 2
752 2598 844 2645 Retr.
863 2608 933 2641 cap.
951 2599 1052 2645 ¹31*
1066 2593 1080 2620 3
1096 2599 1173 2645 Luc·
1192 2605 1289 2644 intur,
1309 2588 1445 2642 [goe-3
1461 2593 1557 2639 Rom.
1573 2600 1608 2636 ,ιζ
1624 2599 1682 2629 ιο,-
