1894 3154
194 250 253 295 62
599 258 634 288 s,
675 253 920 286 aueusrrm
955 252 1156 284 EmscoPI

198 338 292 372 tum
308 335 388 380 est,
415 321 671 368 assumendo
697 337 791 366 eam
819 320 865 365 in
882 336 968 383 qua
994 330 1036 365 et
1057 319 1205 382 ipsum
1226 316 1571 364 manifestaretur

200 396 394 444 sensibus
409 393 653 439 hominum.
684 391 740 436 Et
756 391 869 436 sicut
884 390 1065 436 verbum
1084 400 1283 435 nostrum
1300 390 1350 434 fit
1364 405 1446 435 vox
1459 424 1470 443 ,
1492 403 1572 432 nec

199 476 395 513 mutatur
417 464 464 509 in
485 479 636 509 vocem
663 479 673 505 :
695 461 753 506 ita
773 460 968 506 Verbum
986 460 1066 505 Dei
1083 477 1181 505 caro
1201 458 1378 523 quidem
1405 457 1572 503 factum

202 547 264 582 est
285 535 358 580 sed
378 533 508 586 absit3
530 542 579 577 ut
595 541 837 576 mutaretur
850 530 894 575 in
909 547 1098 576 carnem,
1123 529 1391 575 Assumendo
1407 528 1574 591 quippe

196 607 334 661 illam,
355 603 505 650 nonin
522 619 615 647 eam
632 618 673 646 se
692 600 1004 656 consumendo,
1026 611 1068 646 et
1085 601 1173 646 boc
1192 612 1388 646 nostrum
1406 616 1486 645 vox
1503 601 1572 655 fit,

203 687 245 722 et
261 673 372 721 illud
392 689 492 718 caro
520 671 684 717 factum
710 669 810 717 estst.
846 670 1127 733 Quapropter
1158 671 1424 734 quicumque
1453 669 1578 732 cupit

206 744 262 790 ad
282 742 646 805 qualemcumque
663 738 990 784 similitudinem
1003 740 1136 785 Verbi
1160 741 1258 798 Dei,
1284 741 1483 804 quamvis
1500 755 1579 802 per

204 813 343 860 multa
364 810 629 865 dissimilem,
654 808 897 872 pervenire,
923 826 1011 854 11011
1029 810 1251 856 intueatur
1267 812 1451 857 verbum
1475 827 1580 855 nos-

205 895 324 930 trum
343 881 463 945 quod
483 890 606 925 sonat
625 880 670 924 in
691 879 886 935 auribus,
912 896 991 925 nec
1015 880 1191 942 quando
1209 898 1315 928 voce
1346 881 1580 944 profertur,

209 971 289 1001 nec
318 951 495 1016 quando
515 950 682 996 silentio
707 950 935 1009 cogitatur.
968 951 1180 996 Omnium
1207 969 1396 1015 namque
1421 969 1584 998 sonan-

210 1026 320 1070 tium
352 1021 485 1068 verba
514 1020 764 1079 linguarum
796 1019 925 1064 etiam
961 1019 1007 1064 in
1041 1020 1208 1067 silentio
1246 1022 1508 1081 cogitantur,
1543 1031 1585 1066 et

211 1093 404 1140 carmina
426 1099 743 1154 percurruntur
774 1089 937 1143 animo,
958 1099 1125 1135 tacente
1154 1108 1226 1136 ore
1260 1091 1453 1154 corporis
1474 1109 1484 1136 :
1506 1107 1586 1136 nec

210 1163 350 1209 solum
373 1160 544 1207 numeri
565 1159 851 1222 syllabarum,
873 1176 1025 1204 verum
1054 1161 1185 1206 etiam
1209 1162 1331 1207 modi
1348 1162 1588 1208 cantilena-

210 1250 328 1289 rum,
357 1247 458 1277 cum
482 1231 567 1276 sint
591 1229 852 1292 corporaleS,
880 1239 921 1274 et
947 1229 1000 1274 ad
1017 1247 1133 1286 eum,
1163 1232 1238 1294 qui
1261 1243 1444 1278 vocatur
1465 1232 1588 1278 audi-

211 1314 283 1349 tus
298 1339 309 1358 ,
337 1318 508 1347 sensum
532 1299 727 1362 corporis
746 1299 1027 1366 pertinentes,
1053 1318 1132 1363 per
1154 1301 1430 1366 incorporeas
1453 1320 1589 1366 quas-

216 1373 319 1419 dam
348 1371 554 1430 imagines
585 1387 682 1415 suas
709 1379 870 1432 praesto
910 1381 1011 1415 sunt
1035 1371 1349 1430 cogitantibus,
1386 1385 1428 1419 et
1460 1374 1589 1419 tacite

216 1453 377 1488 cuncta
390 1442 470 1486 ista
480 1439 770 1486 volventibus.
793 1439 877 1485 Sed
891 1441 1151 1487 transeunda
1161 1454 1261 1488 sunt
1273 1443 1390 1499 haec,
1404 1455 1452 1489 ut
1469 1443 1523 1489 ad
1538 1444 1589 1489 il·
1644 1457 1649 1462 ’

215 1512 292 1558 lud
302 1512 578 1574 perveniatur
585 1510 777 1555 hominis
788 1511 970 1555 verbum
979 1548 990 1567 ,
1001 1528 1079 1574 per
1092 1516 1215 1572 cujus
1226 1513 1590 1577 qualemcumque

213 1581 541 1627 similitudinem
561 1580 674 1625 sicut
696 1580 743 1625 in
766 1580 994 1639 {enigmate
1023 1581 1224 1628 videatur
1253 1594 1491 1646 utcumque
1511 1584 1591 1630 Dei

215 1653 412 1698 Verbum
436 1669 447 1696 ε
470 1668 560 1696 11011
589 1649 701 1695 illud
726 1650 844 1713 quod
867 1651 1032 1696 factum
1056 1663 1118 1696 est
1143 1653 1196 1697 ad
1220 1653 1345 1698 illum
1370 1655 1438 1700 vel
1466 1654 1591 1700 illum

217 1722 486 1785 Prophetam
504 1758 514 1777 ,
541 1731 582 1765 et
605 1720 657 1765 de
679 1737 766 1783 quo
797 1720 965 1766 dictum
983 1733 1044 1766 est
1066 1740 1075 1766 :
1098 1744 1116 1763 α
1139 1723 1332 1768 Verbum
1351 1736 1491 1770 autem
1513 1726 1593 1770 Dei

217 1813 239 1834 >2
259 1791 478 1836 crescebat
503 1801 545 1834 et
562 1790 970 1852 111ultiplicabatur2
994 1809 1003 1835 :
1027 1814 1047 1832 2>
1067 1804 1108 1837 et
1133 1793 1186 1838 de
1207 1811 1295 1856 quo
1314 1794 1471 1840 iterum
1493 1795 1592 1840 dic—

219 1873 314 1907 tum
338 1871 398 1906 est
420 1878 430 1905 :
457 1881 477 1901 «
495 1860 636 1919 Igitur
653 1859 759 1904 fides
776 1877 823 1904 ex
842 1860 995 1906 auditu
1008 1898 1019 1915 ,
1047 1862 1220 1908 auditus
1239 1875 1381 1909 autem
1407 1883 1486 1928 per
1501 1883 1593 1911 ver-

219 1951 241 1973 »
259 1932 366 1975 bum
392 1929 586 1974 (31111511ὃ
611 1947 621 1973 :
643 1950 663 1970 »
683 1939 724 1974 et
746 1929 903 1974 iterum
927 1948 936 1974 :
965 1951 985 1971 (ε
1010 1932 1123 1976 Cum
1143 1934 1411 1996 accepissetis
1429 1953 1451 1980 a
1469 1935 1594 1981 nobis

219 2021 241 2042 ³>
257 2000 441 2046 verbum
471 1998 646 2044 auditus
669 1999 748 2043 Dei
766 2036 785 2059 ,7
802 2000 1027 2062 accepistis
1045 2018 1133 2046 11011
1160 2014 1209 2047 ut
1236 2004 1417 2050 verbum
1443 2005 1594 2051 homi-

219 2092 240 2112 »
257 2063 386 2124 num,
415 2068 487 2114 sed
511 2069 637 2114 sicuti
659 2078 720 2114 es't
740 2085 838 2115 Vere
857 2070 1041 2115 verbum
1065 2072 1186 2119 Dei&
1215 2094 1234 2114 η
1261 2075 1316 2118 Et
1338 2074 1593 2121 innumera-

218 2139 326 2185 bilia
344 2137 538 2184 similiter
557 2139 602 2183 in
624 2138 864 2202 Scripturis
888 2139 1098 2186 dicuntur
1115 2141 1167 2187 de
1189 2144 1268 2189 Dei
1289 2145 1424 2190 verbo
1439 2182 1448 2199 ,
1473 2146 1594 2208 quod

218 2209 264 2254 111
281 2209 393 2254 sonis
413 2208 646 2254 multarum
665 2208 1019 2273 diversarumque
1035 2211 1282 2270 linguarum
1305 2232 1386 2277 per
1405 2216 1537 2261 corda
1554 2226 1595 2261 et

221 2295 296 2323 ora
315 2278 619 2323 disseminatur
641 2279 850 2325 humana.
882 2279 985 2325 Ideo
1013 2291 1155 2326 autem
1177 2284 1362 2328 verbum
1379 2285 1459 2330 Dei
1480 2286 1595 2331 dici-

218 2361 319 2404 tur,
357 2350 461 2411 quia
484 2348 682 2394 doctriua
720 2349 868 2395 divina
895 2351 1080 2396 traditur
1098 2389 1108 2405 ,
1145 2370 1234 2397 11011
1260 2354 1468 2402 humana.
1510 2356 1595 2401 Sed

218 2418 329 2464 illud
355 2419 550 2463 Verbum
583 2419 664 2463 Dei
696 2421 932 2482 quaerimus
964 2421 1339 2487 qualitercumque
1371 2442 1450 2488 per
1479 2425 1595 2472 lianc

220 2488 549 2535 similitudinem
578 2505 697 2535 nunc
721 2490 888 2547 videre,
928 2491 981 2537 de
1003 2509 1091 2556 quo
1116 2493 1284 2539 dictum
1315 2505 1376 2539 est
1398 2512 1408 2539 :
1437 2516 1458 2537 «
1476 2499 1595 2541 Deus

267 2571 279 2594 ¹
298 2574 392 2604 Joan.
411 2577 508 2615 1,14.
523 2588 567 2595 —
583 2570 599 2593 2
615 2574 689 2605 Act.
707 2582 747 2611 w,
773 2583 804 2611 ς.
821 2591 863 2598 —-
877 2571 892 2596 3
907 2576 1004 2608 Rom.
1022 2585 1053 2616 x,
1072 2587 1126 2616 17.
1141 2593 1186 2599 —
1201 2573 1215 2598 ⁴
1235 2588 1246 2608 1
1264 2577 1376 2612 Thess.
1397 2588 1436 2617 11,
1455 2579 1509 2612 13.
