1894 3154
581 278 637 307 DE
671 276 927 317 TRINITATE,
965 277 1053 307 Lm.
1096 277 1168 307 xv.
1477 261 1562 307 105

197 343 455 389 clesiasticus
478 342 657 405 proprio
681 342 856 387 nomine
882 345 975 401 jam
1009 352 1224 387 vocatur:
1262 362 1282 383 c<
1304 342 1466 399 Multa,
1492 343 1564 388 in-

199 434 218 453 »
235 413 351 475 quit,
386 412 599 467 dicimus,
640 423 682 457 et
712 429 802 458 non
833 413 1138 475 pervenimus,
1171 422 1213 457 et
1251 413 1566 457 consummatio

198 503 219 524 »
236 499 481 528 sermonum
498 482 692 527 universa
711 493 773 527 est
794 481 929 545 ipse1.
954 503 974 523 »
992 482 1105 527 Cum
1123 498 1223 542 ergo
1246 483 1566 545 pervenerimus

198 552 253 598 ad
298 563 335 597 te
352 590 363 608 ‚
402 552 629 598 cessabunt
669 573 689 593 «
731 552 869 597 Multa
899 553 980 597 ista
1007 569 1108 616 quae
1138 551 1348 607 dicimus,
1393 562 1436 596 et
1479 568 1567 596 non

199 645 220 665 »
236 623 534 686 pervenimus;
557 644 576 664 ›>
602 633 643 667 et
665 622 857 667 manebis
881 639 991 668 unus
1023 622 1166 667 omnia
1191 622 1236 667 in
1260 621 1464 666 omnibus
1489 639 1500 666 :
1527 632 1570 666 et

199 694 287 738 sine
324 693 409 737 fine
445 692 637 737 dicemus
660 709 795 737 unum
822 691 1046 737 laudantes
1075 702 1114 737 te
1136 692 1183 737 in
1209 708 1343 736 unum
1362 727 1373 746 ‚
1395 701 1436 736 et
1457 691 1504 736 in
1529 701 1569 736 te

199 762 304 807 facti
328 764 455 807 etiam
475 779 552 807 nos
577 763 754 809 unum2.
785 763 969 807 Domine
997 764 1112 807 Deus
1142 778 1248 818 une,
1279 762 1394 806 Deus
1418 761 1568 806 Trini-

200 843 286 888 tas,
317 849 606 896 quaecumque
629 833 717 878 dixi
740 832 784 878 in
815 833 882 877 his
910 833 1033 877 libris
1061 832 1114 877 de
1142 843 1240 888 tuo,
1266 841 1500 891 agnoscant
1527 841 1568 875 et

201 903 264 947 tui
287 920 298 947 ε
326 903 359 948 si
382 920 467 966 qua
491 903 544 948 de
569 920 687 959 meo,
713 913 755 947 et
778 913 824 948 tu
846 903 1040 962 ignosce,
1067 913 1109 947 et
1136 902 1211 948 tui.
1244 907 1393 948 Amen.

248 988 259 1008 ¹
276 987 372 1019 Eccli.
390 998 486 1025 xmu,
501 998 558 1027 29.
578 1005 620 1011 —
639 985 655 1007 ²
673 998 686 1016 1
705 989 779 1018 Cor.
793 997 846 1025 xv,
863 988 917 1017 28.

760 1645 1008 1661 ——ooff—
