1894 3154
361 263 536 294 CONTRA
570 263 815 293 EPISTOLAM
851 263 1149 305 PARMENIANI,
1190 265 1278 296 LIB.
1320 265 1350 295 Ι.
1464 250 1547 296 123

178 329 295 375 orbis
321 339 528 374 terrarum
563 343 671 389 pace
697 326 1030 390 disrumperent.
1078 329 1198 384 Quid
1230 329 1316 374 hac
1343 330 1548 388 stultitia,

180 398 368 443 imovero
403 396 618 442 dementia
657 397 871 459 reperitur
905 398 1133 444 insanius?
1165 399 1217 443 In
1252 409 1315 443 tot
1357 399 1556 458 gentibus

179 468 296 514 orbis
312 478 525 512 terrarum
541 477 583 512 et
596 484 642 512 ex
657 484 812 526 magna
829 478 953 530 parte
970 468 1206 531 complevit
1221 469 1337 513 Deus
1351 478 1391 513 et
1406 469 1553 514 adhuc

178 537 394 600 complet,
418 537 555 582 donec
573 536 628 582 ad
647 554 792 582 omnes
812 539 988 584 omnino
1006 539 1173 594 veniat,
1195 538 1316 602 quod
1334 539 1552 601 promisit,

177 607 253 669 qui
277 606 382 652 dixit
405 625 415 651 ε
443 628 461 647 «
485 608 583 652 Non
607 607 847 670 relinquam
868 619 932 660 te,
961 608 1099 654 donec
1119 609 1276 654 faciam
1309 625 1408 670 quae
1428 608 1555 654 locu-

179 699 199 719 »
220 688 285 722 tus
309 694 402 722 sum
429 688 587 723 tecum.
616 698 636 719 2>
662 679 717 722 Et
740 678 809 723 isti
822 682 912 738 jam
937 679 1123 724 credunt
1145 679 1450 724 nuntiantibus
1467 695 1554 724 non

177 747 350 810 impleri
371 764 471 810 quae
488 747 688 809 promisit
710 748 823 793 Deus
843 784 853 803 ‚
877 759 917 793 et
936 748 1031 794 ideo
1052 766 1099 794 ex
1118 749 1318 812 partibus
1342 758 1553 793 terrarum

177 817 222 861 in
243 816 405 879 quibus
425 820 516 875 jam
548 816 776 879 impletum
804 828 922 871 er‚at
952 818 1125 880 periisse
1158 818 1351 864 Abrahae
1378 834 1522 863 semen
1539 853 1550 873 ,

179 891 298 964 quod
329 897 391 931 est
416 886 638 942 Christus,
669 898 711 932 et
735 899 959 933 evacuatas
988 888 1292 950 promissiones
1318 888 1425 942 Dei,
1453 887 1556 950 quia

178 956 260 1019 ipsi
285 968 373 1001 non
400 966 501 1001 sunt
534 956 708 1001 admissi
743 957 794 1002 ad
831 974 981 1002 eorum
1012 959 1394 1012 communionem,
1436 956 1556 1019 apud

178 1041 286 1087 quos
307 1025 426 1069 hoc
411 1042 502 1083 jam
524 1025 739 1070 retinebat
759 1026 876 1070 orbis
899 1025 1143 1088 impletum.
1170 1027 1225 1070 Et
1246 1042 1335 1070 non
1357 1025 1415 1070 eis
1439 1024 1555 1070 dici-

181 1105 250 1139 tur
270 1111 280 1138 ε
305 1115 324 1134 «
344 1094 469 1138 Solus
488 1096 602 1139 Deus
621 1111 747 1139 verax
763 1132 774 1150 ‚
798 1096 937 1140 omnis
954 1105 1095 1140 autem
1113 1095 1247 1140 homo
1266 1093 1475 1140 mendax1
1499 1112 1510 1139 ε
1529 1116 1548 1136 υ

178 1164 231 1209 de
248 1174 389 1210 vestro
412 1164 492 1208 ista
510 1163 654 1209 dicitis
677 1182 687 1208 ι
716 1186 736 1205 c<
755 1165 843 1221 Qui
864 1164 1060 1227 loquitur
1075 1165 1353 1210 mendacium
1371 1201 1382 1220 ‚
1403 1164 1456 1211 de
1475 1181 1551 1210 suo

179 1253 199 1273 ν
219 1234 441 1297 loquitur2
467 1251 477 1278 :
503 1256 521 1275 »
547 1251 621 1279 vos
647 1252 747 1294 ergo
776 1236 888 1280 sicut
916 1236 1112 1281 homines
1149 1235 1420 1290 mentimini,
1459 1234 1561 1297 quia

177 1305 290 1349 sicut
321 1304 516 1349 homines
550 1304 802 1351 irascimini.
840 1306 937 1350 Non
962 1305 1019 1350 eis
1049 1306 1137 1351 hoc
1164 1305 1355 1360 dicitur,
1388 1304 1461 1349 sed
1483 1305 1555 1349 in-

179 1391 307 1437 super
339 1374 531 1420 creditur
562 1374 643 1429 eis,
682 1375 734 1420 de
771 1376 876 1420 orbe
912 1386 1149 1431 terrarum,
1176 1392 1305 1438 quem
1336 1374 1554 1438 possidere

173 1449 262 1505 jam
293 1455 518 1507 coeperat,
551 1445 726 1507 periisse
764 1445 1006 1492 Christum.
1047 1447 1102 1490 Et
1127 1446 1204 1509 qui
1231 1446 1317 1490 hoc
1345 1444 1557 1499 credunt,

179 1531 279 1560 cum
319 1514 605 1578 impudenter
642 1515 837 1560 dicerent
868 1534 878 1560 :
911 1516 1150 1561 Christiani
1186 1532 1357 1568 sumus;
1402 1514 1563 1560 audent

179 1583 320 1629 dicere
342 1602 352 1628 :
380 1585 466 1629 Nos
485 1584 562 1629 soli
583 1601 744 1630 sumus

244 1654 319 1701 lv.
352 1654 471 1699 Dicit
489 1654 616 1699 etiam
637 1655 950 1700 Parmenianus
973 1673 982 1700 :
1006 1676 1024 1695 α
1044 1655 1159 1700 Hinc
1177 1655 1358 1717 probari
1381 1671 1556 1700 consce-

178 1725 361 1771 leratum
382 1723 510 1769 fuisse
534 1724 683 1770 orbem
710 1735 923 1770 terrarum
945 1724 1202 1770 criminibus
1221 1724 1463 1786 traditionis
1477 1761 1488 1780 ,
1517 1735 1559 1769 et

179 1795 362 1841 aliorum
383 1793 703 1852 sacrilegiorum
721 1815 732 1848 3
753 1794 856 1857 quia
875 1812 973 1840 cum
993 1794 1128 1840 multa
1147 1794 1248 1839 talia
1265 1794 1428 1839 fuerint
1448 1803 1556 1838 tem-

179 1881 285 1943 pore
306 1863 616 1927 persecutionis
641 1864 826 1909 admissa
845 1901 856 1920 ,
887 1864 1008 1909 nulla
1037 1874 1268 1927 propterea
1287 1863 1404 1908 facta
1427 1873 1489 1908 est
1512 1863 1557 1907 in

178 1935 282 1998 ipsis
306 1934 543 1996 provinciis
577 1935 789 1997 sepaiatio
818 1935 1103 1997 populorum.
1125 1956 1145 1976 »
1179 1933 1313 1990 Quasi
1344 1933 1437 1978 fieri
1472 1950 1559 1978 non

179 2004 395 2083 potuerit,
424 2014 472 2049 ut
494 2004 654 2067 paltim
683 2005 889 2050 latuerint
913 2004 1043 2060 mali
1069 2021 1207 2067 neque
1232 2004 1392 2049 fuerint
1423 2020 1561 2048 accu-

180 2074 283 2129 sati,
316 2084 364 2119 ut
394 2084 567 2136 possent
605 2074 693 2119 sine
730 2074 818 2120 ulla
851 2074 1090 2120 temeritate
1131 2073 1352 2125 damnari;
1398 2072 1558 2136 partim

180 2145 309 2190 etiam
333 2143 495 2188 fuerint
519 2144 682 2206 proditi
704 2155 832 2207 atquo
857 2143 1079 2198 damnati
1108 2154 1148 2188 et
1176 2143 1279 2206 quia
1307 2142 1436 2187 rebus
1464 2159 1550 2186 ma-

181 2213 340 2259 nifestis
358 2230 446 2258 non
465 2214 776 2273 arguebantur,
805 2214 861 2259 ab
885 2213 1085 2258 Ecclesiis
1106 2211 1417 2275 perturbandis
1437 2211 1558 2256 divi--

181 2283 419 2346 dendisque
444 2284 729 2329 cessaverint:
753 2295 882 2346 atque
899 2284 958 2328 ita
975 2282 1139 2328 factum
1160 2283 1238 2338 sit,
1263 2293 1311 2327 ut
1336 2299 1436 2327 cum
1462 2284 1558 2344 qui-

182 2356 283 2400 dam
300 2371 387 2399 non
407 2365 712 2399 accusarentur
725 2354 957 2417 ‚quaedam
977 2370 1076 2398 vero
1092 2353 1256 2398 incerta
1275 2352 1457 2397 crimina
1474 2368 1556 2414 pro

183 2435 296 2469 certa
313 2440 419 2485 pace
447 2425 537 2468 Deo
554 2424 900 2477 dimitterentur3
931 2423 1134 2486 quaedam
1163 2433 1306 2468 autem
1330 2422 1389 2466 ita
1410 2422 1555 2466 mani-
1580 2468 1592 2473 ,

181 2494 331 2539 testata
353 2503 393 2537 et
413 2494 610 2538 convicta
629 2494 963 2549 damnar‚entur
985 2503 1032 2538 ut
1049 2492 1194 2539 nullus
1213 2492 1445 2537 damnatus
1461 2507 1560 2553 pos-

232 2579 240 2600 ¹
256 2581 348 2612 Rom,
369 2589 420 2621 111,
442 2584 475 2614 4.
492 2594 536 2600 --
550 2575 565 2597 2
580 2578 678 2611 Joan.
698 2582 841 2616 v111‚4!4.
