1894 3154
356 228 531 259 CONTRA
563 227 810 259 EPISTOLAM
846 227 1145 270 PARMEMANJ,
1187 231 1273 261 LIB.
1316 232 1346 262 1.
1461 219 1541 264 131

177 293 254 358 qui
265 294 498 354 justissime
518 293 656 340 victus
677 303 760 348 est,
789 309 837 337 ea
861 293 1055 338 caecitate
1079 294 1131 339 de
1150 295 1380 342 innocente
1394 296 1543 356 judice

178 374 437 419 murmurat,
469 380 554 426 qua
573 362 768 408 caecitate
787 379 886 407 cum
903 362 1134 409 innocente
1160 363 1404 411 adversario
1418 366 1559 426 litiga-

176 433 268 478 bat.
287 433 569 495 Quapropter
593 432 663 477 isti
684 449 771 477 non
795 432 891 478 ideo
910 433 1103 478 sceler-ati
1122 445 1238 491 sunt,
1261 436 1363 498 quia
1386 435 1439 481 de
1461 453 1551 482 om·

178 502 306 547 nibus
324 503 452 548 victis
474 502 631 548 nolunt
648 512 803 547 temere
827 502 992 565 aliquid
1018 503 1191 549 credere
1212 521 1222 548 ε
1249 505 1322 549 sed
1343 505 1441 550 ideo
1451 505 1555 569 quia

177 589 218 618 se
238 571 382 618 surore
405 573 646 618 schismatis
666 572 963 635 praeciderunt
980 573 1034 618 ab
1050 574 1108 618 eis
1132 575 1459 631 innocentibus,
1479 575 1556 639 qui

177 641 314 687 multo
335 642 638 708 rationabilius
661 641 817 688 nolunt
841 643 923 688 tale
947 643 1114 706 aliquid
1133 643 1185 689 de
1210 645 1314 708 ipsis
1328 645 1556 705 judicibus

178 711 371 759 credere.

242 783 345 828 XII.
376 782 539 827 Existat
561 783 676 828 enim
701 783 847 846 aliqua
882 783 1057 829 illarum
1092 784 1285 846 partium
1313 785 1360 830 in
1383 785 1556 832 nomine

180 852 342 898 Christi
366 852 636 898 nobilissima
662 853 873 910 Ecclesia,
896 870 942 898 ex
965 853 1051 898 illis
1074 864 1254 914 septem,
1295 865 1336 899 et
1359 856 1392 900 si
1412 855 1556 918 placet

178 923 452 985 potissimum
484 923 797 986 philadelphia
816 922 852 980 1,
873 940 973 986 quae
1008 923 1062 968 de
1080 924 1263 986 mystico
1283 925 1458 970 nomine
1480 943 1559 989 per

178 991 370 1052 linguam
403 994 603 1038 Graeeam
626 993 859 1038 fraternam
882 993 1057 1038 intimat
1080 993 1354 1041 charitatem.
1386 995 1558 1041 Audia-

179 1079 274 1107 mus
290 1063 421 1122 igitur
439 1080 590 1109 vocem
613 1068 721 1122 ers,
744 1080 823 1108 nec
852 1067 942 1123 ejus
955 1063 1080 1126 palea
1103 1063 1325 1126 loquatur,
1350 1065 1425 1110 sed
1458 1066 1555 1112 fru-

178 1143 392 1178 mentum.
418 1133 464 1179 Si
483 1151 582 1193 ergo
603 1134 721 1179 dicat
739 1134 829 1179 istis
848 1151 858 1178 :
882 1133 1002 1189 Quid
1018 1134 1064 1180 in
1084 1151 1152 1178 me
1172 1135 1367 1194 arguitis,
1384 1135 1555 1194 fratres,

179 1203 286 1266 quid
313 1204 550 1249 accusatis?
586 1205 760 1260 Quanto
792 1204 1021 1250 intervallo
1062 1204 1303 1250 secundum
1338 1216 1558 1252 terrenum

178 1272 324 1318 locum
342 1274 397 1318 ab
427 1273 572 1320 Africa
593 1286 757 1320 remota
779 1276 875 1330 sim,
893 1274 1053 1337 partim
1068 1292 1207 1330 nosse,
1230 1276 1388 1337 partim
1409 1277 1558 1324 audire

178 1343 403 1407 potuistis:
430 1344 535 1408 quid
568 1344 631 1389 ibi
655 1355 763 1390 tunc
798 1345 883 1389 sive
905 1343 1147 1399 traditores,
1189 1344 1277 1389 sive
1297 1346 1557 1392 traditorum

176 1413 245 1458 vel
259 1424 526 1458 accusatores
551 1413 617 1459 vel
633 1413 925 1468 damnatores,
967 1414 1053 1460 sive
1071 1413 1374 1460 innocentium
1393 1416 1462 1462 vel
1481 1433 1558 1461 ca-

177 1481 458 1528 lumniatores
481 1483 549 1529 vel
565 1500 837 1546 oppressores
866 1483 1046 1542 egerint,
1074 1500 1249 1546 prorsus
1275 1484 1443 1543 ignoro.
1468 1486 1553 1531 Sed

176 1551 248 1597 ille
271 1554 484 1598 Dominus
503 1563 644 1598 noster
660 1553 736 1615 qui
755 1553 858 1598 emit
883 1563 1023 1597 totum
1047 1552 1263 1598 mundum
1281 1556 1421 1616 pretio
1451 1572 1554 1602 san-

179 1622 319 1682 guinis
342 1623 424 1680 sui,
445 1627 568 1683 cujus
602 1633 750 1668 sancta
775 1623 1037 1668 commercia
1059 1623 1286 1685 Propheta
1312 1634 1430 1669 tanto
1454 1636 1552 1672 ante

180 1693 337 1738 cecinit
354 1693 528 1739 dicens:
546 1692 802 1738 «Foderunt
819 1709 972 1737 manus
991 1709 1105 1737 meas
1123 1703 1164 1737 et
1187 1692 1319 1755 pedes
1336 1711 1470 1749 meos,
1490 1695 1555 1741 di-

181 1783 202 1804 »
223 1773 560 1809 numeraverunt
583 1763 728 1808 omnia
761 1780 852 1808 ossa
876 1780 969 1807 mea
996 1762 1108 1825 :ipsi
1127 1779 1228 1807 vero
1253 1764 1555 1811 considerave-

182 1855 202 1875 ›2
222 1845 324 1879 runt
361 1845 404 1879 et
427 1844 740 1897 conspexerunt
779 1851 868 1889 me,
907 1833 1145 1879 diviserunt
1191 1834 1274 1879 sibi
1303 1835 1554 1882 vestimenta

180 1926 202 1946 >2
220 1922 330 1958 mea,
353 1916 394 1950 et
408 1922 535 1968 super
557 1916 716 1951 vestem
744 1922 882 1950 meam
912 1904 1122 1949 miserunt
1140 1914 1297 1950 sortem
1319 1906 1335 1933 2
1357 1924 1367 1950 :
1396 1929 1416 1948 ›>
1439 1907 1552 1953 inter

178 1992 256 2021 nos
277 1987 320 2021 et
339 1993 413 2022 vos
434 1993 524 2022 non
556 1976 694 2039 spatia
720 1976 944 2022 constituit
964 1992 1102 2021 vacua
1121 1985 1162 2020 et
1186 1976 1304 2021 nuda
1330 1977 1551 2024 Christia-

178 2046 273 2101 nis3
295 2047 496 2110 implevit
518 2047 618 2093 haec
648 2047 792 2092 omnia
818 2046 1158 2092 sanctificatione
1183 2048 1370 2093 nominis
1392 2049 1472 2096 sui.
1503 2051 1554 2095 In

177 2116 273 2180 ipso
286 2117 452 2180 quippe
462 2117 635 2163 Psalmo
651 2117 876 2180 passionis,
891 2134 979 2161 non
993 2116 1132 2161 solum
1147 2117 1315 2178 quanti,
1333 2118 1407 2163 sed
1423 2119 1552 2165 etiam

178 2198 393 2250 quantum
410 2188 562 2233 emerit
583 2188 850 2233 declaratum
866 2198 928 2233 est
952 2204 962 2232 z
983 2186 1047 2231 ibi
1075 2186 1190 2231 enim
1208 2187 1341 2249 paulo
1364 2200 1463 2251 post
1479 2189 1551 2235 di-

179 2257 296 2303 citur
322 2275 332 2302 :
362 2279 381 2299 «
408 2258 757 2303 Reminiscentur
799 2269 840 2303 et
884 2266 1190 2303 convertentur
1216 2256 1272 2302 ad
1311 2259 1550 2305 Dominum

182 2348 203 2368 a)
228 2327 415 2374 universi
434 2329 539 2373 fines
576 2339 701 2374 terrae
715 2365 726 2384 ‚
761 2338 804 2373 et
841 2328 1089 2373 adorabunt
1112 2326 1156 2370 in
1191 2338 1427 2390 conspectu
1463 2334 1554 2389 ers

183 2417 204 2437 ›>
228 2397 440 2445 universae
462 2398 616 2461 patriae
639 2397 850 2457 gentium,
873 2396 1080 2460 quoniam
1100 2396 1235 2458 ipsius
1258 2407 1319 2442 est
1347 2415 1527 2458 regnum
1541 2437 1551 2456 ,

180 2487 201 2509 »
224 2468 371 2531 etipse
392 2467 692 2513 dominabitur
714 2466 906 2527 gentium
931 2466 963 2512 3.
985 2487 1004 2506 υ
1027 2466 1088 2510 De
1108 2482 1236 2511 causa
1255 2467 1401 2531 itaque
1418 2480 1558 2516 vestra

226 2549 238 2572 ¹
254 2552 357 2594 Apoc.
374 2562 428 2591 111,
449 2562 535 2590 7.—
556 2549 572 2572 ²
590 2552 670 2583 Psal.
689 2562 761 2589 xxx,
791 2561 906 2591 17-19.
925 2568 964 2572 —
985 2546 999 2571 3
1015 2548 1099 2582 Ibid.
1122 2550 1178 2586 28,
1199 2561 1256 2590 29,

1388 2620 1432 2665 9.
