1894 3154
320 280 376 314 DE
413 281 632 315 BAPTISMO
667 281 842 315 CONTRA
876 283 1169 328 ΒοΝΑΤιεΤΑε,
1207 287 1295 319 mn.
1335 289 1379 321 v.
1465 273 1556 338 367

191 358 368 394 munere
389 346 601 394 haberent
616 385 628 406 ,
647 347 803 395 electos
824 354 869 396 56
883 348 940 396 ad
956 349 1026 411 adj
1033 348 1228 398 utorium
1250 354 1558 415 Evangelicum

188 418 387 465 homines
403 418 596 466 dicerent
609 456 621 476 ‚
643 429 772 483 atque
794 420 896 467 inde
917 421 1119 486 pestifera
1140 422 1395 471 inflarentur
1416 425 1562 490 super-

188 489 276 536 bia.
307 489 345 535 Ο
370 506 503 553 quam
522 490 680 552 gaudet
701 491 949 556 Cyprianus
971 511 981 538 :
1012 505 1177 558 quanto
1203 495 1388 541 serenius
1417 497 1462 541 in
1486 497 1560 542 illa

188 559 285 606 luce
303 571 534 608 contuetur
549 599 560 620 ,
581 578 661 625 pro
678 573 841 626 quanta
858 562 993 610 salute
1009 564 1194 612 humani
1217 566 1381 626 generis
1397 565 1560 612 facturn

189 630 270 689 sit,
294 642 344 677 ut
378 632 623 681 inveniatur
652 632 818 696 aliquid
851 635 971 698 quod
1001 636 1153 682 merito
1190 636 1557 700 reprehendatur,

187 702 385 764 quamvis
412 703 459 749 in
492 703 750 750 Christianis
776 715 816 750 et
846 705 930 768 piis
954 706 1106 753 litteris
1139 718 1382 764 oratorum,
1407 718 1450 754 et
1474 725 1560 753 non

187 772 434 819 inveniatur
470 774 516 819 111
547 774 704 820 litteris
738 774 1035 838 piscatorum?
1070 779 1134 824 De
1167 778 1255 824 hoc
1289 795 1366 839 ego
1404 778 1562 838 gaudio

188 855 348 890 sanctae
370 845 485 891 illius
509 845 667 891 animae
698 847 875 893 omnino
900 865 1074 894 securus
1091 886 1101 906 ,
1136 862 1277 913 neque
1309 849 1402 895 ullo
1432 849 1564 895 modo

188 930 303 960 meas
319 914 484 962 litteras
507 917 563 962 ab
582 915 702 962 omni
721 927 861 962 errato
891 918 1047 964 liberas
1071 919 1207 965 audeo
1226 919 1294 965 vel
1316 929 1473 982 putare
1496 918 1564 965 vel

189 983 358 1040 dicere3
380 1000 519 1050 neque
538 987 652 1032 illius
677 987 784 1033 huic
811 989 1055 1045 sententiae,
1092 990 1138 1035 in
1167 1007 1254 1053 qua
1274 990 1313 1035 ei
1337 990 1479 1036 visum
1503 999 1566 1034 est

189 1054 312 1101 aliter
334 1056 630 1119 suscipiendos
664 1056 718 1101 ab
756 1056 972 1104 haereticis
1001 1060 1216 1106 venientes
1232 1097 1242 1116 ,
1271 1076 1403 1123 quam
1427 1059 1495 1106 vel
1519 1059 1564 1104 in

188 1127 458 1188 praeteritum
479 1126 830 1190 suscipiebantur
846 1165 857 1184 ,
882 1129 993 1175 sicut
1018 1130 1108 1193 ipse
1134 1141 1338 1186 testatur,
1361 1130 1430 1176 vel
1448 1146 1564 1176 nunc

190 1198 512 1260 suscipiuntur,
541 1197 652 1243 sicut
673 1197 806 1243 totius
833 1199 949 1244 orbis
986 1200 1210 1247 christiani
1235 1201 1432 1264 plenario
1458 1216 1568 1246 con—

190 1267 289 1313 eilio
313 1267 585 1314 rationabilis
608 1268 877 1313 consuetudo
897 1270 1067 1316 firmata
1084 1282 1172 1328 est,
1195 1289 1335 1317 meam
1352 1288 1567 1335 praepono

188 1339 443 1386 sententiam
458 1377 469 1395 ,
488 1339 561 1385 sed
582 1338 786 1384 Ecclesiae
805 1351 966 1386 sanctae
987 1341 1218 1388 catholicae
1233 1378 1244 1398 ,
1265 1358 1400 1406 quam
1422 1342 1481 1387 sic
1496 1341 1567 1386 ille

189 1407 336 1456 dilexit
353 1420 395 1456 et
417 1407 581 1470 diligit,
606 1409 651 1454 in
675 1425 762 1472 qua
781 1419 867 1455 tam
887 1411 1064 1457 uberem
1086 1428 1187 1457 cum
1208 1411 1434 1457 tolerantia
1451 1410 1566 1456 fruc-

187 1491 284 1526 tum
304 1481 478 1535 attulit3
505 1483 630 1539 cujus
649 1479 902 1526 universitas
932 1481 1023 1543 ipse
1048 1498 1137 1526 non
1155 1481 1239 1527 fuit
1256 1519 1267 1537 ,
1303 1480 1378 1527 sed
1406 1481 1453 1526 in
1477 1484 1568 1539 ejus

190 1553 465 1599 universitate
481 1550 719 1614 permansit
737 1570 747 1603 ;
769 1554 896 1610 6111115
915 1551 1105 1598 radicem
1121 1569 1347 1616 nunquam
1361 1551 1564 1607 deseruit,

189 1622 262 1667 sed
297 1622 343 1667 in·
379 1625 504 1682 cujus
535 1620 681 1666 radice
709 1620 943 1666 foecundus
979 1632 1029 1667 ut
1059 1633 1192 1678 esset,
1228 1622 1479 1668 foecundior
1514 1622 1568 1665 ab

190 1692 376 1753 agricola
403 1692 567 1738 coelesti
594 1700 804 1754 purgatus
830 1701 915 1744 est3
943 1701 1025 1754 pro
1054 1695 1181 1751 cujus
1203 1708 1313 1755 pace
1336 1708 1384 1737 ac
1406 1690 1565 1745 salute,

189 1780 243 1809 ne
284 1763 413 1809 simul
448 1779 550 1809 cum
582 1760 754 1807 zizaniis
792 1760 1086 1807 eradicaretur
1118 1772 1161 1807 et
1192 1761 1416 1818 triticum,
1450 1771 1571 1806 tanta

189 1834 303 1880 mala
322 1833 552 1879 hominum
571 1848 716 1878 secum
743 1830 788 1877 in
811 1832 976 1877 unitate
998 1833 1339 1878 constitutorum
1359 1842 1401 1877 et
1417 1832 1570 1878 verita—

191 1905 245 1950 tis
265 1904 464 1951 libertate
489 1903 737 1963 redarguit,
759 1911 801 1947 et
825 1902 1051 1948 charitatis
1074 1904 1236 1949 virtute
1256 1902 1473 1949 sustinuit.

256 1976 417 2023 XXIV.
467 1975 593 2021 Unde
625 1990 702 2019 nos
739 1972 855 2017 idem
888 1974 979 2037 ipse
1011 1973 1304 2037 copiosissime
1337 1972 1566 2027 admonet,

191 2047 351 2093 multos
373 2047 419 2092 in
442 2046 610 2092 delictis
634 2044 720 2090 suis
755 2054 797 2089 et
827 2045 1019 2106 peccatis
1048 2056 1268 2100 mortuos,
1298 2046 1496 2107 quamvis
1518 2044 1571 2089 ad

193 2117 357 2162 Christi
381 2116 627 2163 societatem
646 2125 686 2160 et
706 2113 761 2159 ad
780 2113 897 2158 illius
919 2114 1139 2160 columbae
1165 2115 1308 2159 unicae
1332 2113 1573 2159 innocentis

196 2198 236 2234 et
253 2187 460 2252 simplicis
478 2186 676 2232 membra
699 2201 788 2229 non
808 2185 1073 2247 pertinentes
1097 2184 1112 2246 (
1125 2201 1227 2248 quae
1255 2183 1289 2228 si
1313 2182 1402 2229 sola
1419 2182 1573 2247 bapti—

195 2270 336 2315 zaret,
364 2259 429 2305 illi
453 2259 604 2321 utique
633 2273 721 2302 non
755 2255 1088 2318 baptizarent),
1116 2253 1256 2318 specie
1290 2263 1436 2298 tamen
1460 2253 1576 2300 intus

197 2329 335 2377 videri
359 2340 400 2376 et
421 2326 638 2393 baptizari
658 2336 699 2372 et
718 2325 957 2388 baptizare.
989 2325 1045 2370 Et
1064 2324 1110 2370 in
1134 2325 1191 2370 eis
1221 2323 1422 2387 quamvis
1454 2340 1574 2370 mor-

198 2401 310 2457 tuis,
338 2400 452 2445 illius
476 2408 621 2445 tamen
644 2396 916 2460 baptismum
939 2395 1107 2452 vivere,
1139 2395 1218 2459 qui
1248 2412 1336 2440 non
1364 2394 1572 2453 moritur,

200 2481 242 2517 et
272 2488 388 2517 mors
417 2469 481 2517 illi
509 2487 598 2516 non
628 2468 743 2514 ultra
776 2465 1088 2513 dominabitur.
1130 2466 1245 2512 Cum
1278 2476 1377 2525 ergo
1400 2475 1441 2510 et
1464 2466 1580 2512 intus

201 2542 287 2589 sint
307 2542 491 2599 mortui,
519 2556 659 2607 neque
676 2538 858 2586 latentes
886 2539 902 2595 (
915 2554 1019 2584 nam
1034 2555 1124 2584 non
1141 2535 1196 2583 de
1220 2535 1305 2582 illis
1324 2545 1445 2583 tanta
1470 2536 1584 2584 dice-

201 2624 267 2662 ret
288 2612 589 2680 Cyprianus),
627 2610 704 2676 qui
727 2609 797 2660 vel
830 2627 918 2662 non
938 2609 1185 2676 pertineant
1210 2607 1265 2657 ad
1289 2607 1410 2657 illam
1436 2608 1580 2660 vivam
