1894 3154
333 247 387 277 DF,
426 245 646 276 rArrisMo
684 245 857 276 coNTrA
895 246 1167 278 noxArtsTAs
1177 272 1188 290 2
1228 239 1573 302 1.1n..11.2(37

208 313 402 368 vehitur,
432 321 597 374 quanto
616 310 784 356 facilius
803 322 845 355 et
867 311 1020 357 fortius
1022 314 1164 391 quod·
1172 332 1250 377 per
1267 317 1476 364 unixeisa
1497 321 1530 364 E
1535 337 1578 365 c-

203 384 342 430 clesiae
362 392 519 427 statuta
537 382 755 426 firmatum
780 391 858 437 est,
874 381 940 428 tel
958 384 1082 428 unius
1097 384 1322 448 episcopi
1311 389 1574 445 auctoritati,

203 453 267 499 vel
287 452 412 497 unius
426 450 863 514 provinciaeconcilio
879 452 1196 514 praeferendum
1215 458 1305 501 est?
1329 456 1361 500 C
1369 473 1440 501 um
1461 426 1576 503 ideni

202 523 292 586 ipse
318 521 562 584 Cyprianus
599 519 658 564 ita
678 519 831 565 dixerit
855 521 962 583 quid
986 523 1024 567 ei
1052 522 1288 580 videretur,
1318 535 1367 570 ut
1389 525 1434 570 in
1459 526 1579 588 pacis

203 592 370 637 unitate
393 607 478 635 esse
497 589 682 636 voluerit
703 589 828 635 etiam
866 607 965 636 cum
994 591 1052 636 eis
1079 593 1153 654 qui
1175 592 1227 638 de
1247 593 1330 639 hac
1351 611 1395 639 re
1412 593 1579 640 diversa

203 661 407 707 sentirent
428 678 438 705 ε
464 659 582 722 quod
605 659 770 705 indicat
800 660 933 723 ipsius
958 662 1123 724 primus
1148 679 1286 708 sermo
1312 664 1356 709 in
1386 663 1578 723 ejusdem

203 730 400 784 concilii,
442 730 560 794 quod
596 731 651 775 ab
680 731 769 775 istis
792 731 1032 794 profertur,
1080 733 1266 780 exordio.
1301 734 1410 779 Nam
1434 735 1492 779 ita
1537 751 1579 780 se

203 801 338 846 habet
368 818 377 845 :

267 872 349 918 ΠΙ.
393 893 412 912 α
439 871 550 915 Cum
574 871 617 915 in
643 887 776 916 unum
804 872 1066 931 Carthagine
1091 874 1387 919 convenissent
1409 876 1577 920 Kalen-

203 940 268 986 dis
301 940 566 1003 Septembris
597 940 790 1003 episcopi
822 941 1026 1003 plurimi,
1061 959 1106 986 ex
1138 943 1368 1004 provincia
1407 944 1577 1001 Africa,

204 1010 438 1065 Numidia,
475 1011 758 1066 Mauritania,
796 1028 895 1056 cum
923 1012 1186 1074 presbyteris
1222 1023 1263 1058 et
1290 1013 1578 1070 diaconibus,

203 1080 331 1125 etiam
358 1089 569 1142 praesente
594 1079 735 1142 plebis
754 1080 938 1125 maxima
963 1091 1116 1143 parte,
1140 1092 1182 1126 et
1206 1082 1330 1128 lectae
1349 1094 1484 1129 essent
1505 1084 1582 1129 lit-

204 1161 307 1195 terae
332 1149 539 1195 Jubaiani
569 1150 622 1194 ad
656 1150 930 1213 (lyprianum
964 1152 1093 1197 f'actae
1111 1189 1122 1208 ,
1161 1152 1262 1197 item
1290 1154 1503 1217 Cypriani
1527 1154 1582 1199 ad

205 1220 473 1266 Jubaianum
491 1219 716 1282 rescriptae
739 1220 791 1264 de
812 1220 1029 1266 haereticis
1052 1222 1326 1284 baptizandis
1346 1260 1357 1279 ,
1387 1224 1582 1288 quidque

205 1290 488 1354 postmodum
507 1290 731 1352 Cypriano
750 1291 1015 1347 Jubaianus,
1038 1291 1152 1337 idem
1170 1294 1460 1357 rescripserit,
1486 1295 1581 1357 Cy-

204 1360 384 1424 priamus
405 1359 513 1405 dixit
540 1377 550 1404 :
583 1359 771 1405 Audistis
787 1397 797 1415 ‚
826 1361 1002 1421 collegae
1024 1361 1288 1409 dilectissimi
1310 1401 1320 1419 ,
1346 1364 1452 1427 quid
1475 1364 1583 1410 mihi

204 1430 447 1475 Jubaianus
470 1430 756 1492 coepiscopus
788 1442 931 1476 noster
959 1431 1205 1494 scripserit,
1238 1434 1465 1479 consulens
1486 1451 1580 1479 me-

205 1499 475 1544 diocritatem
501 1510 691 1544 nostram
724 1499 777 1545 de
806 1500 957 1546 illicito
982 1512 1022 1545 et
1054 1501 1236 1564 profano
1273 1504 1579 1549 hoereticorum

204 1569 450 1632 baptismo,
483 1568 676 1631 quidque
703 1586 779 1628 ego
803 1570 838 1614 ei
870 1571 1186 1633 rescripserim,
1228 1589 1402 1618 censens
1424 1573 1588 1620 scilicet

205 1638 325 1701 quod
351 1637 476 1682 semel
501 1648 628 1700 atque
654 1638 807 1683 iterum
839 1650 880 1684 et
912 1657 1026 1703 saepe
1050 1642 1295 1687 censuimus
1313 1679 1323 1697 ,
1357 1643 1587 1688 haereticos

208 1709 261 1755 ad
290 1708 523 1754 Ecclesiam
560 1709 774 1754 venientes
811 1709 1016 1755 Ecclesiae
1047 1711 1265 1773 baptismo
1300 1712 1514 1775 baptizari
1544 1724 1586 1758 et

207 1779 469 1825 sanctificari
500 1789 712 1841 oportere.
743 1781 850 1825 ltem
882 1780 1004 1826 lectae
1029 1792 1129 1826 sunt
1162 1782 1286 1827 vobis
1318 1795 1360 1829 et
1385 1784 1480 1829 aliae
1505 1788 1587 1829 Ju-

208 1849 358 1895 baiani
382 1849 560 1904 litterae,
594 1849 754 1911 quibus
782 1868 863 1913 pro
889 1868 965 1896 sna
987 1851 1151 1897 sincera
1172 1862 1213 1897 et
1237 1852 1431 1912 religiosa
1450 1853 1586 1900 devo-

209 1921 348 1976 tione,
371 1919 423 1964 ad
441 1919 666 1982 epistolam
687 1932 876 1966 nostram
898 1922 1136 1967 rescribens
1154 1960 1163 1977 ,
1187 1940 1275 1967 non
1297 1934 1467 1970 tantum
1486 1941 1588 1970 con-

209 1991 362 2046 sensit,
389 1989 461 2035 sed
485 2000 526 2034 et
548 1990 806 2036 instructum
830 2009 871 2036 se
888 2009 973 2036 esse
996 1993 1153 2051 gratias
1176 1993 1278 2052 egit.
1311 1993 1515 2056 Superest
1538 2006 1587 2040 ut

210 2063 262 2108 de
288 2061 369 2107 hac
389 2061 480 2123 ipsa
506 2078 549 2106 re
570 2061 675 2124 quid
695 2062 850 2122 singuli
870 2063 1102 2107 sentiamus
1122 2063 1392 2125 proferamus
1406 2101 1416 2115 ‚
1446 2066 1588 2110 nemi-

210 2150 307 2178 nem
331 2132 574 2192 judicantes
594 2170 601 2185 ,
621 2143 695 2177 aut
721 2151 741 2177 a
760 2137 805 2192 jn
816 2151 855 2177 re
877 2134 1198 2178 commum'onis
1221 2133 1404 2196 aliquem
1424 2172 1435 2189 ,
1463 2135 1496 2180 si
1516 2134 1589 2180 di-

212 2219 381 2248 versum
408 2202 583 2246 senserit
620 2214 878 2249 amoventes.
913 2204 1061 2265 Neque
1091 2203 1204 2247 enim
1229 2204 1458 2266 quisquam
1488 2221 1584 2249 nos-

216 2285 326 2318 trum
350 2272 615 2335 Episcopum
641 2290 682 2317 se
698 2290 784 2318 esse
807 2273 1110 2336 episcoporum
1143 2273 1366 2318 constituit
1384 2311 1394 2329 ,
1419 2284 1492 2319 aut
1516 2285 1590 2337 {5-

211 2343 391 2389 rannico
413 2353 569 2387 terrore
591 2341 641 2387 ad
662 2343 928 2405 obsequendi
955 2343 1247 2388 necessitatem
1277 2342 1464 2403 collegas
1496 2360 1592 2389 suos

214 2414 349 2473 adigit
376 2431 386 2457 ε
415 2413 591 2476 quando
618 2413 777 2458 lrabeat
801 2413 940 2458 omnis
967 2413 1201 2476 episcopus
1229 2430 1310 2476 pro
1341 2412 1514 2459 licentia
1537 2414 1591 2459 li-

215 2483 392 2528 hortulis
412 2493 452 2527 et
476 2484 696 2546 potestatis
729 2500 817 2528 suec
854 2483 1082 2528 arbitrium
1119 2483 1374 2546 proprium,
1418 2494 1591 2546 tamque

212 2553 398 2613 judicari
422 2554 476 2598 ab
497 2553 578 2598 alio
600 2571 685 2598 non
706 2555 832 2616 possit
853 2591 861 2598 .
889 2570 1017 2616 quam
1043 2572 1118 2598 nee
1140 2555 1228 2616 ipse
1245 2564 1382 2617 potest
1408 2553 1588 2599 alterum
