1894 3154
596 268 652 299 DE
687 267 943 312 TRINITATE,
981 270 1070 302 LIB.
1110 271 1185 301 XV.
1530 272 1588 319 79

220 333 303 380 Dei
320 332 597 380 dilectionem
621 345 998 381 commemorasset
1011 372 1024 392 ,
1047 352 1136 381 non
1155 351 1243 398 qua
1264 352 1342 382 1105
1363 352 1462 382 eum
1477 374 1488 393 ,
1515 337 1589 391 sed

222 422 309 468 qua
332 425 353 445 c<
372 404 470 466 Ipse
502 402 648 448 dilexit
674 420 776 462 nos,
799 415 840 450 et
870 405 987 451 misit
1023 405 1179 451 Filium
1215 421 1342 451 suum
1373 405 1589 451 litatorem

221 496 243 517 >2
262 491 343 538 pro
370 473 560 537 peccatis
585 473 767 530 nostris,
792 496 813 516 >2
859 486 900 520 et
934 476 1042 521 hinc
1065 475 1314 521 exhortatus
1341 486 1446 521 esset
1469 485 1518 520 ut
1550 485 1592 520 et

221 561 299 590 nos
314 544 499 591 invicem
526 542 778 603 diligamus,
803 555 931 608 atque
952 545 1013 591 ita
1039 546 1154 591 Deus
1175 545 1222 590 in
1244 545 1370 590 nohis
1389 554 1561 590 maneat
1575 580 1586 599 ,

221 614 324 678 quia
344 614 492 676 utique
521 613 797 659 dilectionem
821 618 964 660 Deum
991 614 1182 671 dixerat,
1209 614 1354 660 statim
1373 614 1518 661 volens
1541 613 1594 659 de

221 684 307 730 hac
327 701 372 730 re
398 684 586 748 apertius
615 684 781 747 aliquid
809 685 953 749 eloqui
976 703 987 730 z
1015 706 1036 727 cs
1062 686 1115 730 In
1138 685 1223 730 1100
1240 722 1251 742 ,
1277 685 1447 748 inquit,
1482 701 1591 744 cog-

222 775 244 796 »
261 755 480 801 noscimus
501 755 604 819 quia
619 754 666 800 in
686 755 781 817 ipso
806 760 1052 813 010001005,
1071 767 1112 801 01
1130 756 1284 818 ipsein
1307 755 1434 801 nobis
1452 793 1463 812 ,
1491 755 1593 818 quia

222 843 245 867 »
264 823 317 869 de
337 823 504 887 Spiritu
532 840 609 869 suo
640 823 760 870 dedit
784 824 952 872 nobis1.
979 847 1000 867 ›>
1041 826 1231 888 Spiritus
1252 826 1400 888 itaque
1423 836 1595 870 sanctus

223 894 276 939 de
296 911 383 957 quo
409 893 531 940 dedit
552 894 703 950 nohis,
727 894 832 940 facit
854 912 930 940 nos
954 895 999 939 in
1023 896 1114 939 Deo
1144 911 1316 939 manere
1331 930 1343 950 ,
1376 904 1419 938 et
1448 894 1592 957 ipsum

222 964 267 1009 in
290 963 416 1008 nohis
438 981 447 1008 :
480 963 566 1008 hoc
596 973 739 1008 autem
764 963 871 1009 facit
893 963 1083 1009 dilectio.
1114 965 1212 1026 Ipse
1232 974 1295 1009 est
1322 962 1455 1023 igitur
1484 964 1597 1008 Deus

223 1034 412 1090 dilectio.
448 1033 644 1096 Denique
671 1034 805 1096 paulo
827 1045 926 1097 post
952 1051 1053 1080 cum
1083 1034 1171 1080 1100
1193 1035 1339 1098 ipsum
1362 1034 1598 1097 repetiisset

225 1115 350 1168 atque
369 1103 540 1149 dixisset
561 1121 572 1148 :
609 1125 629 1145 <c
650 1106 766 1149 Deus
791 1104 968 1150 dilectio
988 1116 1048 1150 est
1071 1123 1082 1150 :
1105 1127 1125 1147 »
1147 1105 1358 1151 continuo
1376 1105 1562 1164 subjecit
1583 1123 1594 1149 2

225 1176 323 1219 «Et
353 1174 429 1237 qui
466 1185 612 1219 manet
646 1174 691 1219 in
726 1174 982 1231 dilectione,
1025 1176 1071 1220 in
1101 1176 1191 1220 Deo
1218 1185 1364 1220 manet
1382 1212 1392 1230 ,
1419 1185 1460 1219 et
1482 1176 1598 1220 Deus

225 1266 246 1286 »
266 1254 410 1290 manet
428 1244 473 1288 111
493 1261 555 1290 00.
582 1265 602 1285 n
622 1244 748 1290 Unde
776 1261 907 1308 supra
931 1244 1093 1290 dixerat
1117 1263 1128 1289 ι
1154 1266 1174 1286 (ι
1199 1245 1252 1289 111
1270 1245 1357 1290 1100
1379 1245 1602 1304 cognosci-

226 1337 247 1357 »
266 1332 362 1361 mus
385 1315 487 1378 quia
509 1315 554 1359 in
578 1315 674 1378 ipso
697 1332 947 1372 manemus,
977 1329 1019 1361 et
1045 1316 1136 1378 ipse
1161 1316 1204 1360 in
1231 1315 1382 1371 1101115,
1410 1315 1513 1378 quia
1549 1314 1603 1359 de

228 1407 246 1427 v>
268 1385 434 1449 Spiritu
452 1402 530 1430 suo
555 1384 676 1440 dedit
696 1386 840 1432 nohis.
863 1406 884 1427 ›>
909 1386 1006 1449 lpse
1030 1403 1130 1445 ergo
1150 1385 1420 1445 significatur
1441 1385 1519 1430 uhi
1535 1385 1601 1430 le—

227 1457 342 1515 gitur
365 1473 376 1500 :
403 1476 422 1496 α
445 1455 561 1499 Deus
581 1454 757 1501 dilectio
776 1466 851 1502 est.
879 1477 899 1496 υ
923 1459 1042 1500 Ι)0115
1063 1455 1194 1515 igitur
1219 1455 1408 1518 Spiritus
1431 1466 1603 1500 sanctus

226 1525 303 1588 qui
323 1524 522 1587 procedit
538 1541 584 1569 ex
610 1526 726 1582 Deo,
751 1542 852 1570 cum
884 1525 1010 1570 datus
1033 1525 1163 1570 fuerit
1181 1526 1374 1581 homini,
1404 1525 1603 1571 accendit

227 1612 325 1640 eum
358 1595 403 1640 in
424 1594 701 1640 dilectionem
727 1596 806 1640 Dei
829 1606 870 1640 et
892 1595 1103 1658 proximi,
1127 1606 1169 1640 et
1191 1596 1283 1658 ipse
1313 1595 1490 1641 dilectio
1522 1607 1596 1642 est.

228 1665 327 1710 Non
344 1664 458 1709 enim
483 1662 619 1708 habet
640 1664 775 1708 homo
796 1663 912 1709 unde
935 1665 1076 1709 Deum
1103 1663 1276 1723 diligat,
1309 1664 1393 1709 nisi
1425 1680 1472 1709 ex
1490 1666 1598 1711 Deo.

228 1734 411 1798 Propter
439 1732 559 1797 quod
594 1733 727 1796 paulo
752 1745 852 1796 post
885 1733 994 1779 dicit
1020 1751 1031 1778 ε
1062 1757 1082 1777 α
1106 1735 1194 1779 Nos
1221 1733 1453 1792 diligamus
1476 1750 1599 1789 eum,

230 1826 250 1846 »
268 1805 368 1867 quia
383 1804 474 1866 ipsc
490 1803 611 1865 prior
625 1802 772 1848 dilexit
791 1821 867 1849 nos
880 1805 912 1849 2.
929 1825 950 1845 >2
965 1803 1201 1866 Apostolus
1219 1820 1394 1866 quoque
1407 1803 1570 1848 Paulus
1590 1820 1600 1847 :

229 1895 249 1915 «
270 1872 481 1928 Dilectio,
504 1872 647 1934 inquit
667 1909 678 1928 ‚
719 1873 800 1918 Dei
835 1873 991 1919 diffusa
1014 1884 1076 1918 est
1106 1874 1152 1918 in
1186 1873 1393 1918 cordibus
1417 1873 1572 1919 nostris
1587 1911 1598 1929 ,

229 1966 250 1986 »
269 1961 347 2007 per
368 1941 582 2005 Spiritum
606 1953 804 1988 sanctum
822 1944 898 2007 qui
916 1943 1042 1989 datus
1064 1954 1128 1989 est
1152 1943 1320 1989 11011153.
1345 1965 1365 1985 n

293 2012 480 2059 XXXII.
516 2010 698 2058 Nullum
717 2022 779 2056 est
794 2012 876 2057 isto
904 2013 984 2057 Dei
1008 2012 1123 2058 dono
1143 2012 1429 2059 excellentius.
1457 2013 1609 2058 Solum

229 2094 291 2129 est
309 2081 429 2146 quod
449 2081 606 2127 dividit
630 2081 869 2127 inter-filios
888 2083 1007 2142 regni
1029 2083 1179 2128 aeterni
1197 2093 1240 2127 et
1265 2081 1376 2127 filios
1394 2082 1613 2145 perditio-

230 2155 296 2200 nis
315 2163 502 2198 aeternae.
527 2152 698 2196 Dantur
714 2162 756 2197 et
773 2152 856 2197 alia
872 2169 952 2215 per
964 2152 1181 2215 Spiritum
1201 2162 1398 2197 sanctum
1412 2169 1608 2209 munera,
1663 2192 1673 2195 ,

231 2223 303 2270 sed
319 2223 408 2268 sine
425 2221 638 2267 charitate
649 2221 760 2267 nihil
770 2234 967 2286 prosunt.
989 2222 1081 2267 Nisi
1096 2239 1196 2282 ergo
1212 2222 1613 2286 tantumimpertia-

231 2305 304 2339 tur
323 2292 482 2356 cuique
507 2291 696 2355 Spiritus
717 2303 891 2338 sanctus
907 2329 918 2348 ,
941 2303 991 2338 ut
1006 2308 1105 2337 eum
1126 2292 1207 2337 Dei
1226 2301 1267 2337 et
1281 2293 1466 2355 proximi
1486 2294 1618 2340 faciat

234 2375 493 2418 amatorem,
529 2380 551 2407 a
584 2362 754 2408 sinistra
785 2381 873 2408 non
903 2362 1157 2408 transfertur
1180 2361 1235 2407 ad
1260 2362 1489 2410 dexteram.
1528 2365 1617 2411 Nec

236 2434 429 2498 Spiritus
446 2432 625 2496 proprie
637 2432 800 2478 dicitur
812 2435 989 2478 Donum
1005 2469 1016 2489 ,
1035 2433 1116 2478 nisi
1129 2442 1310 2495 propter
1321 2431 1616 2492 dilectionem:

235 2521 369 2570 quam
394 2503 472 2566 qui
494 2520 583 2548 non
605 2503 814 2549 habuerit
831 2539 843 2559 ,
868 2503 903 2548 51
921 2502 1080 2562 linguis
1097 2501 1329 2549 hominum
1346 2501 1552 2566 loquatur
1577 2515 1619 2550 et

287 2589 299 2612 1
320 2599 333 2619 1
355 2591 452 2623 Joan.
474 2597 515 2627 iv,
535 2588 588 2621 13.
605 2603 649 2610 —
663 2585 678 2608 2
695 2586 781 2622 Ibid.
808 2597 861 2628 19.
877 2604 921 2610 —
940 2584 955 2611 3
973 2589 1068 2622 Rom.
1081 2597 1112 2627 v,
1128 2588 1159 2620 5.
