1894 3154
302 242 478 272 CONTRA
514 240 758 271 EPISTOLAM
794 239 1089 280 PARMENIANt,
1128 241 1214 271 [ΑΒ.
1259 241 1327 273 111.
1439 241 1525 290 197

157 305 292 358 salus;
314 305 387 351 sed
406 307 463 351 ita
480 305 692 365 agendum
715 316 794 361 est‚
816 305 920 350 utxei
949 305 1043 350 talis
1080 305 1273 351 vindicta
1304 307 1358 351 sit
1385 305 1528 362 utilis3

156 386 198 421 et
219 374 433 434 agendum
457 386 554 420 voto
583 386 625 420 et
645 376 865 438 precibus,
883 376 917 419 si
947 375 1106 435 corrigi
1148 375 1529 435 objurgationibus

158 463 245 492 non
262 456 416 509 potest.
443 446 631 510 Ideoque
661 447 855 510 sequitur
872 457 913 491 et
941 446 1050 492 dicit
1070 464 1080 491 :
1102 468 1124 488 c<
1144 448 1233 506 Ego
1252 445 1428 509 quidem
1447 446 1532 491 ab-

158 537 180 558 »
207 534 299 561 sens
313 533 511 579 corpore,
535 534 723 580 praesens
745 527 885 562 autem
905 517 1081 580 spiritu,
1099 521 1188 577 jam
1198 516 1535 580 judicaviquasi

159 607 180 626 »
205 602 392 649 praesens
420 603 518 632 eum
541 587 615 650 qui
639 587 699 632 sic
725 598 930 650 operatus
968 598 1047 644 est,
1084 589 1129 633 in
1149 587 1323 633 nomine
1357 586 1537 648 Domini

160 678 181 699 »
205 657 339 702 nostri
359 661 456 703 Jesu
496 658 661 703 Christi
695 660 967 719 congregatis
992 658 1117 704 vobis
1142 670 1183 704 et
1215 676 1308 704 meo
1349 657 1533 721 spiritu,

160 748 180 768 ›>
206 744 302 772 cum
325 727 484 772 virtute
509 729 687 773 Domini
709 729 844 774 nostri
859 730 960 774 Jesu
986 729 1167 785 Christi,
1194 728 1362 774 tradere
1385 727 1538 787 hujus-

160 820 180 839 »
204 797 323 842 modi
353 798 526 844 Satanae
542 799 586 844 in
609 799 832 844 interitum
858 800 1018 854 carnis,
1040 810 1086 845 ut
1101 799 1278 862 spiritus
1295 798 1407 844 salus
1426 797 1539 843 sitin

160 889 181 910 »
202 868 271 913 die
304 868 482 913 Domini
506 867 539 915 1.
571 890 591 910 2>
617 869 737 926 Quid
775 887 875 929 ergo
906 871 1062 929 agebat
1086 869 1338 933 Apostolus,
1373 868 1455 913 nisi
1490 877 1540 913 ut

159 955 238 1002 per
262 938 486 983 interitum
505 940 645 984 carnis
663 939 789 985 saluti
801 940 983 1002 spiritali
1003 940 1261 995 consuleret,
1283 949 1332 984 ut
1347 940 1435 984 sive
1455 936 1540 983 ali-

159 1025 245 1071 qua
272 1025 405 1071 poena
418 1008 485 1054 vel
504 1020 641 1054 morte
660 1010 896 1072 corporali,
922 1010 1034 1055 sicut
1055 1010 1244 1055 Ananias
1261 1019 1302 1054 et
1322 1025 1426 1063 uxor
1445 1011 1537 1067 ejus

162 1089 257 1124 ante
274 1078 405 1141 pedes
427 1079 610 1142 apostoli
631 1080 746 1125 Petri
770 1080 1023 1126 ceciderunt
1040 1081 1057 1110 2
1075 1101 1085 1134 ;
1114 1082 1200 1127 sive
1219 1097 1298 1143 per
1320 1078 1539 1142 poeniten-

161 1150 358 1202 tentiam‚
377 1149 583 1212 quoniam
606 1149 777 1195 Satanae
803 1150 990 1196 traditus
1007 1161 1114 1205 erat,
1144 1150 1407 1195 interimeret
1434 1148 1480 1193 in
1497 1164 1540 1193 se

161 1218 410 1264 sceleratam
426 1219 565 1264 carnis
584 1220 1015 1282 concupiscentiam?
1035 1221 1150 1276 Quia
1171 1220 1262 1283 ipse
1277 1220 1378 1264 item
1402 1218 1535 1264 dicit:

162 1310 182 1330 «
208 1289 468 1334 Mortificate
489 1290 682 1334 membra
704 1300 839 1334 vestra
873 1307 974 1353 quae
997 1301 1098 1335 sunt
1111 1306 1241 1352 super
1256 1300 1415 1333 terram
1433 1288 1450 1316 ¹⁹³
1482 1325 1493 1343 ‚
1516 1309 1538 1329 n

159 1360 271 1405 inter
298 1376 398 1422 quae
412 1370 453 1404 et
469 1359 799 1405 fornicationem
822 1371 1148 1407 commemorat.
1176 1364 1231 1404 Et
1250 1360 1432 1404 iterum:
1457 1358 1538 1404 «Si

163 1451 184 1472 »
215 1430 328 1474 enim
355 1429 591 1474 secundum
621 1447 793 1475 carnem
818 1430 1022 1486 vixeritis,
1049 1430 1318 1483 moriemini3
1343 1430 1377 1474 si
1401 1439 1543 1474 autem

161 1524 176 1541 »
213 1501 370 1563 spiritu
394 1499 509 1545 facta
522 1501 661 1545 carnis
683 1501 1061 1556 mortificaveritis,
1080 1502 1231 1546 vivetis
1250 1500 1282 1546 4.
1306 1522 1326 1542 ³>
1353 1501 1453 1545 Non
1468 1510 1538 1544 ta-

163 1588 261 1616 men
280 1571 335 1615 ab
350 1588 398 1616 eo
412 1570 645 1616 fraternam
660 1582 829 1634 separat
841 1572 1116 1626 charitatem,
1133 1588 1262 1635 quem
1282 1570 1335 1616 de
1353 1570 1543 1615 fraterna

163 1640 494 1700 congregatione
516 1641 722 1704 praecipit
749 1641 953 1704 separari.
991 1642 1088 1686 Iloc
1127 1641 1243 1686 enim
1273 1640 1464 1703 apertius
1486 1639 1543 1685 ad

163 1710 565 1756 Thessalonicenses
581 1711 688 1756 dicit
704 1729 713 1756 z
738 1733 757 1753 «
777 1712 821 1756 Si
838 1711 934 1774 quis
948 1722 1091 1756 autem
1108 1728 1196 1756 non
1211 1710 1395 1756 obaudit
1407 1710 1541 1756 verbo

165 1802 186 1823 »
209 1792 354 1826 nostro
372 1798 450 1844 per
475 1781 719 1844 epistolam,
747 1782 868 1827 hunc
887 1792 1050 1837 notate,
1089 1792 1131 1826 et
1154 1799 1241 1826 non
1265 1781 1542 1827 commiscea-

164 1873 185 1892 »
211 1852 317 1896 mini
339 1869 439 1897 cum
462 1851 554 1907 illo,
592 1863 638 1897 ut
655 1852 882 1897 erubescat
909 1870 919 1896 :
943 1862 986 1897 et
1016 1869 1104 1897 non
1125 1863 1173 1897 ut
1191 1851 1420 1897 inimicum
1442 1867 1543 1896 eum

163 1942 185 1963 >³
216 1921 458 1976 aestimetis,
477 1921 550 1966 sed
577 1922 784 1985 corripite
804 1932 850 1967 ut
864 1921 1039 1966 fratrem
1057 1921 1089 1968 5.
1125 1943 1144 1963 ›>
1168 1921 1360 1968 Audiant
1375 1921 1447 1966 isti
1468 1921 1543 1967 ali-

157 1991 334 2055 quando
350 2029 361 2046 ‚
405 2003 447 2037 et
476 1992 718 2052 intelligant
750 1992 1124 2056 quemadmodum
1147 2003 1312 2052 satagat
1335 1991 1528 2038 charitas

165 2062 432 2125 Apostolica,
461 2072 510 2107 ut
529 2064 774 2109 sufferentes
793 2064 978 2109 invicem
1007 2063 1255 2108 studeamus
1284 2080 1539 2109 conservare

164 2132 373 2178 unitatem
397 2132 573 2195 spiritus
608 2133 652 2178 in
686 2133 862 2179 vinculo
902 2133 1019 2196 pacis
1033 2134 1064 2180 6.
1098 2135 1209 2178 Nam
1248 2143 1290 2178 et
1327 2133 1402 2178 hic
1440 2149 1541 2178 cum

163 2201 360 2247 dixisset:
385 2224 405 2244 ι(
433 2204 487 2248 Et
507 2221 595 2248 non
615 2214 663 2249 ut
685 2204 913 2249 inimicum
929 2220 1028 2249 eum
1053 2204 1288 2259 aestimetis,
1316 2203 1389 2249 sed
1401 2204 1541 2248 corri-

166 2294 186 2314 ›)
209 2273 300 2336 pite
321 2283 368 2318 ut
398 2272 574 2318 fratrem
596 2292 607 2319 ι
630 2296 650 2316 »
674 2285 882 2337 tanquam
907 2274 1133 2319 ostendens
1154 2290 1232 2319 cur
1254 2273 1341 2319 hoc
1368 2273 1538 2330 dixerit,

166 2343 374 2389 continuo
404 2344 628 2404 subjunxit
654 2363 665 2390 :
689 2366 707 2386 «
735 2346 832 2408 Ipse
857 2355 999 2390 autem
1033 2346 1147 2390 Deus
1170 2344 1290 2407 pacis
1315 2343 1387 2390 det
1418 2345 1544 2390 vobis

167 2433 188 2454 »
212 2430 364 2476 pacem
381 2415 607 2478 semperin
628 2416 745 2460 omni
763 2416 880 2460 bono
900 2437 919 2456 »
941 2416 1006 2460 lta
1025 2426 1065 2460 et
1089 2414 1141 2460 de
1164 2415 1244 2460 isto
1268 2415 1344 2478 qui
1369 2432 1542 2461 uxorem

165 2519 169 2521 ’
219 2515 226 2534 ¹
252 2525 262 2543 1
281 2514 353 2546 Cor.
372 2524 400 2551 ν,
421 2515 450 2546 3.
470 2533 517 2538 —
542 2513 557 2535 ²
573 2517 645 2548 Act.
667 2527 695 2551 v,
721 2518 750 2546 3.
765 2534 808 2539 -
826 2513 840 2537 3
860 2516 978 2548 Coluss.
997 2528 1052 2551 ιιι.
1070 2517 1100 2549 5.
1120 2535 1164 2541 —-
1184 2514 1198 2539 ⁴
1212 2520 1305 2550 Rom.
1332 2528 1405 2557 vm,
1427 2519 1478 2548 13.
1497 2534 1542 2541 --

169 2562 182 2585 5
205 2576 221 2595 2
240 2565 348 2597 Thess.
369 2577 416 2603 ιιι,
443 2572 495 2601 π’..
516 2584 559 2589 -
578 2564 592 2587 6
611 2567 724 2611 Ephes.
742 2580 787 2605 ιν,
809 2569 840 2601 3,
