1894 3154
274 275 329 319 16
691 288 725 314 s,
771 287 1015 317 Aucusrml
1051 286 1250 316 Episcopi

268 351 489 406 videntur,
511 350 742 410 legentium
784 351 986 397 ducerem
1015 351 1263 396 tarditatem
1284 387 1294 405 ,
1332 349 1378 394 in
1407 347 1640 393 undecimo

269 421 434 468 scilicet
456 420 569 465 libro
597 438 608 464 :
630 431 756 483 atque
782 421 883 466 inde
901 438 1001 466 cum
1031 421 1088 465 eis
1111 419 1357 479 ingrederer
1381 418 1435 464 ad
1452 416 1644 462 hominis

267 490 482 536 interioris
512 507 605 535 eam
624 491 862 553 potentiam
885 508 973 554 qua
997 490 1283 535 ratiocinatur
1310 489 1362 534 de
1388 485 1644 550 temporali-

267 561 350 606 bus
367 560 512 615 rebus,
544 559 741 606 differens
766 561 884 606 illam
913 560 1218 624 principaliter
1245 559 1540 604 dominantem
1560 572 1647 618 qua

270 630 592 692 contemplatur
609 640 789 676 aeternas
811 648 821 674 ι
840 641 968 693 atque.
986 629 1031 675 id
1046 630 1218 675 duobus
1243 627 1541 675 voluminibus
1556 625 1642 684 egi,

273 701 535 747 duodecimo
556 710 788 763 utrumque
807 700 1069 756 discernens,
1090 717 1274 763 quorum
1289 715 1425 744 unum
1444 707 1505 742 est
1524 712 1648 758 supe-

277 772 385 826 rius,
413 770 595 814 alterum
609 769 803 824 inferius,
839 770 958 832 quod
993 771 1203 831 superiori
1228 768 1451 813 subditum
1474 784 1560 812 esse
1578 765 1650 811 de-

273 841 374 894 bet3
397 838 712 885 tertio-decimo
741 848 883 883 autem
916 838 969 883 de
992 855 1168 883 munere
1192 837 1405 882 inferioris
1422 874 1432 892 ,
1462 854 1550 900 quo
1569 836 1651 880 hu-

275 928 504 958 manarum
527 926 669 955 rerum
703 910 879 955 scicntia
918 909 1104 955 salubris
1127 909 1391 963 continetur,
1424 909 1535 952 utin
1565 907 1651 952 hac

274 979 504 1044 temporali
538 979 625 1024 vita
657 978 703 1024 id
735 996 908 1038 agamus
945 996 1032 1042 quo
1065 995 1382 1042 consequamur
1419 988 1648 1032 aeternam,

278 1061 441 1115 quanta
469 1049 596 1112 potui
623 1049 799 1094 veritate
832 1066 881 1094 ac
904 1049 1116 1095 brevitate
1137 1048 1316 1093 disserui
1340 1065 1350 1091 :
1374 1046 1653 1110 quandoqui-

278 1123 378 1167 dem
400 1137 491 1166 rem
522 1130 608 1164 tam
649 1119 939 1181 muhiplicem
977 1129 1106 1181 atque
1144 1119 1389 1180 copiosam,
1417 1116 1653 1161 multorum

279 1203 406 1255 atque
428 1206 684 1249 magnorum
709 1189 1080 1251 disputationibus
1113 1188 1256 1233 multis
1296 1187 1548 1250 magnisque
1580 1204 1655 1232 ce-

283 1263 515 1315 lebratam,
538 1277 624 1305 uno
640 1260 822 1304 strictim
843 1259 1062 1305 volumine
1080 1258 1234 1304 inclusi
1248 1295 1257 1303 .
1283 1257 1509 1302 ostendens
1528 1257 1656 1302 etiam

281 1333 326 1378 in
349 1332 442 1394 ipsa
466 1330 720 1383 trinitatem,
765 1328 836 1373 sed
871 1329 1064 1374 nondum
1091 1345 1190 1391 quae
1221 1328 1303 1372 Dei
1332 1327 1384 1372 sit
1419 1327 1561 1385 imago
1593 1325 1658 1371 di—

284 1401 434 1448 cenda.

347 1474 425 1518 XI.
451 1471 579 1515 Nunc
594 1486 694 1515 vero
713 1470 762 1515 ad
783 1488 874 1516 eam
884 1475 975 1530 jam
997 1470 1274 1534 pervenimus
1298 1468 1654 1533 disputationem,

285 1539 614 1605 ubiprincipale
625 1540 778 1585 mentis
797 1541 1019 1596 humanae,
1045 1557 1130 1603 quo
1146 1540 1266 1585 novit
1279 1542 1418 1585 Deum
1432 1538 1497 1584 vel
1511 1548 1658 1601 potest

283 1630 422 1667 nosse,
449 1610 812 1657 considerandum
835 1611 1102 1674 suscepimus
1124 1648 1133 1666 ‚
1164 1621 1213 1655 ut
1245 1610 1290 1655 in
1322 1627 1370 1655 eo
1395 1609 1660 1672 reperiamus

284 1683 516 1742 imaginem
540 1681 633 1726 Dei.
661 1681 873 1735 Quamvis
889 1682 1003 1726 enim
1028 1698 1146 1726 mens
1164 1681 1359 1725 humana
1395 1697 1481 1724 non
1501 1679 1553 1724 sit
1570 1683 1660 1738 ejus

285 1765 453 1800 naturae
471 1754 540 1809 cuj
549 1766 596 1795 us
619 1761 679 1795 est
697 1751 811 1795 Deus
836 1768 846 1794 ι
871 1751 1011 1810 imago
1024 1762 1169 1796 tamen
1190 1760 1359 1795 naturae
1373 1753 1463 1808 ejus
1483 1766 1570 1812 qua
1586 1766 1661 1793 na-

290 1836 386 1870 tura
396 1821 546 1867 melior
560 1819 677 1865 nulla
697 1831 773 1873 est,
791 1820 853 1864 ibi
868 1821 1102 1883 quaerenda
1120 1819 1431 1865 etim-enienda
1449 1820 1568 1864 estin
1585 1837 1662 1864 no-

287 1895 372 1949 bis,
393 1909 481 1956 quo
493 1890 620 1936 etiam
632 1900 785 1935 natura
796 1902 943 1935 nostra
965 1891 1076 1936 nihil
1102 1890 1237 1935 habet
1253 1889 1418 1935 melius.
1445 1889 1527 1934 Sed
1541 1890 1662 1951 prius

290 1980 408 2010 mens
431 1963 474 2007 in
492 1978 533 2006 se
569 1960 659 2022 ipsa
683 1960 995 2006 consideranda
1031 1972 1092 2006 est
1114 1971 1344 2023 antequam
1368 1959 1422 2004 sit
1445 1960 1662 2022 particeps

291 2034 394 2089 Dei,
421 2042 463 2078 et
484 2033 529 2076 in
549 2047 596 2075 ea
620 2029 873 2092 reperienda
902 2042 964 2075 est
1000 2031 1142 2090 imago
1165 2034 1269 2089 ejus.
1319 2029 1512 2074 Diximus
1548 2029 1662 2074 enim

294 2121 384 2150 eam
407 2102 482 2147 etsi
495 2101 646 2145 amissa
658 2099 739 2144 Dei
757 2100 1090 2163 participatione
1112 2100 1347 2145 obsoletam
1376 2109 1504 2162 atque
1522 2098 1662 2144 defor-

288 2190 403 2220 mem
418 2209 429 2228 ,
452 2171 533 2215 Dei
553 2180 697 2214 tamen
720 2169 949 2229 imaginem
974 2187 1239 2233 permanere.
1274 2171 1334 2214 lio
1377 2170 1544 2233 quippe
1568 2169 1663 2232 ipso

289 2245 430 2302 imago
449 2246 538 2301 ejus
555 2250 633 2294 est.
660 2257 747 2302 quo
773 2244 863 2299 ejus
881 2257 1016 2304 capax
1034 2252 1111 2296 est,
1141 2245 1318 2303 ejusque
1344 2240 1560 2303 particeps
1578 2257 1664 2285 esse

290 2324 456 2379 potest3
492 2310 611 2375 quod
640 2321 723 2355 tam
758 2329 964 2371 magnum
987 2313 1152 2357 bonum
1179 2350 1188 2363 ,
1230 2312 1310 2356 nisi
1335 2329 1412 2374 per
1436 2311 1523 2356 hoc
1546 2311 1665 2373 quod

290 2387 431 2444 imago
453 2386 542 2442 ejus
558 2392 636 2433 θεῖ,
662 2398 748 2426 non
769 2392 921 2444 potest.
953 2384 1065 2429 Ecce
1094 2400 1192 2442 crgo
1218 2394 1334 2427 mens
1360 2381 1557 2426 meminit
1578 2381 1661 2437 sui,

288 2453 489 2512 intelligit
508 2469 566 2507 se,
596 2450 737 2509 diligit
764 2469 804 2496 se
827 2470 835 2495 ε
860 2453 946 2497 hoc
981 2453 1015 2497 si
1038 2454 1268 2502 cernimus,
1300 2452 1515 2497 cernimus
1535 2451 1665 2496 trini-

293 2535 439 2579 tatem,
464 2521 657 2566 nondum
681 2521 857 2583 quidem
877 2524 1014 2567 Deum
1031 2560 1040 2577 ,
1079 2522 1151 2567 sed
1180 2526 1271 2582 jam
1310 2521 1537 2580 imaginem
1566 2520 1658 2566 Dei,

294 2597 394 2642 'hou
412 2592 648 2638 forinsecus
669 2591 836 2653 accepit
865 2593 1070 2638 memoria
1091 2592 1211 2655 quod
1257 2603 1442 2646 teneret,
1470 2608 1543 2635 nec
1565 2591 1665 2635 foris
