1894 3154
441 265 614 297 coNTRA
649 267 856 299 LITTERAS
892 269 1138 311 ΡΕΤιῖιΑΝι,
1179 272 1264 302 Liss.
1309 273 1338 302 1.
1497 258 1589 313 463

214 331 357 378 dantis
374 332 636 388 attenditur,
658 333 736 395 qui
755 334 905 380 abluat
925 335 1177 398 accipientis
1199 354 1208 381 :
1234 358 1253 378 »
1272 336 1556 400 respondebit
1577 356 1586 382 :

217 403 343 467 Saepe
374 403 484 468 mihi
516 404 662 462 ignota
695 414 757 448 est
792 405 986 450 humana
1017 408 1281 452 conscientia
1302 445 1312 463 ‚
1349 407 1421 452 sed
1451 419 1592 454 certus

216 491 307 520 sum
333 474 386 518 de
405 473 568 518 Christi
595 473 901 522 misericordia.
932 478 1044 520 (jum
1066 476 1248 522 audierit
1271 495 1280 521 :
1305 498 1324 518 «
1349 478 1436 533 Qui
1462 478 1591 525 fidem

216 563 238 590 a
259 543 428 608 perfido
447 544 708 606 sumpserit,
730 561 818 590 non
843 546 971 591 fidem
996 547 1187 609 percipit
1203 584 1213 601 ,
1244 547 1316 592 sed
1342 557 1508 593 reatum
1533 566 1543 592 t
1568 569 1589 590 »

214 614 525 678 respondebit:
563 615 661 659 Non
695 626 755 660 est
787 616 982 679 perfidus
1012 617 1213 662 Christus
1233 655 1243 673 ‚
1280 636 1302 663 a
1337 635 1425 681 quo
1459 619 1591 665 fidem

213 685 411 748 percipio
429 722 440 741 ,
463 702 549 729 non
566 695 748 732 reatum.
779 691 891 732 Cum
911 687 1094 733 audierit
1117 705 1126 732 ε
1158 709 1178 730 «
1206 689 1360 733 Omnis
1386 706 1450 734 res
1473 691 1586 735 enim

214 756 378 815 origine
395 766 436 800 et
458 755 604 801 radice
628 757 845 811 consistit3
873 769 913 803 et
931 758 965 804 si
989 770 1123 822 caput
1139 777 1223 804 non
1244 759 1380 804 habet
1402 759 1583 823 aliquid,

214 826 327 871 nihil
350 836 411 871 est
433 843 443 871 ε
469 847 489 867 n
511 827 792 889 respondebit
813 845 823 872 ε
857 829 991 888 Origo
1017 847 1108 874 mea
1134 829 1335 875 Christus
1352 840 1414 875 est
1430 867 1440 886 ‚
1468 830 1589 876 radix

214 914 308 942 mea
333 896 534 942 Christus
556 907 640 953 est,
665 909 799 961 caput
820 916 959 944 meum
980 899 1179 944 Christus
1197 910 1271 946 est.
1297 899 1411 945 Cum
1438 900 1584 945 audie-

213 968 303 1014 rit:
336 989 354 1009 α
374 970 463 1014 Nec
487 968 729 1032 quidquam
754 970 863 1015 bene
895 982 1143 1030 regenerat,
1178 971 1261 1016 nisi
1292 970 1410 1016 bono
1431 972 1590 1017 semine

214 1048 484 1098 regeneretur
505 1056 515 1083 ε
551 1059 572 1080 »
609 1040 890 1102 respondebit
924 1058 934 1085 :
982 1041 1133 1086 Semen
1153 1078 1163 1097 ‚
1205 1058 1295 1104 quo
1336 1058 1586 1100 regeneror,

213 1109 399 1155 verbum
424 1109 499 1153 Dei
527 1120 617 1164 θεῖ,
645 1110 765 1172 quod
784 1110 1069 1156 obaudienter
1089 1111 1237 1156 audire
1256 1127 1349 1155 sum
1374 1113 1584 1171 monitus,

214 1179 380 1224 etiamsi
403 1179 472 1224 ille
490 1197 568 1242 per
591 1196 718 1242 quem
739 1181 869 1226 audio
886 1219 897 1237 ,
919 1198 1018 1244 quae
1047 1181 1157 1226 mihi
1181 1181 1288 1226 dicit
1311 1181 1401 1244 ipse
1421 1199 1508 1228 non
1525 1183 1589 1229 fa-

215 1250 274 1295 cit
291 1287 301 1306 ,
334 1249 505 1296 dicente
539 1252 727 1296 Domino
745 1288 755 1307 ‚
797 1262 838 1296 et
874 1269 941 1297 me
968 1269 1165 1298 securum
1189 1252 1372 1297 faciente
1394 1270 1404 1296 ε
1433 1273 1453 1295 α
1473 1254 1586 1309 Quae

211 1342 231 1362 >³
251 1320 404 1366 dicunt
425 1321 577 1376 facite,
606 1338 705 1383 quae
727 1322 895 1368 faciunt
918 1323 1057 1368 facere
1081 1323 1213 1368 nolite
1231 1343 1242 1375 3
1263 1322 1416 1368 dicunt
1434 1324 1549 1371 enim
1566 1362 1577 1382 ,

210 1413 230 1433 >⁷2
249 1401 290 1437 et
326 1409 412 1437 non
441 1390 651 1438 faciunt&
677 1413 695 1433 >2
735 1394 847 1438 Cum
882 1393 1101 1439 audierit:
1143 1415 1162 1434 α
1185 1394 1297 1450 Quae
1330 1404 1470 1456 potest
1499 1412 1584 1441 esse

209 1462 487 1526 perversitas,
514 1472 562 1507 ut
581 1462 657 1525 qui
681 1462 765 1507 suis
789 1464 1047 1509 criminibus
1064 1481 1158 1509 reus
1174 1474 1236 1509 est
1255 1500 1265 1519 ‚
1297 1463 1428 1509 alium
1454 1464 1584 1511 faciat

210 1533 518 1578 innocentem?
539 1555 556 1574 υ
592 1533 872 1596 respondebit
896 1552 905 1578 :
937 1535 1008 1579 Me
1033 1535 1307 1579 innocentem
1331 1551 1416 1579 non
1445 1534 1550 1581 facit
1566 1573 1579 1594 ‚

210 1603 292 1648 nisi
312 1603 386 1666 qui
406 1613 602 1647 mortuus
627 1613 688 1647 est
712 1615 895 1666 propter
920 1604 1076 1651 delicta
1103 1615 1269 1660 nostra,
1298 1615 1339 1649 et
1358 1607 1585 1651 resurrexit

210 1684 392 1737 propter
404 1673 755 1732 =justificationem
776 1685 982 1721 nostram.
1009 1675 1107 1720 Non
1123 1675 1236 1720 enim
1255 1674 1298 1719 in
1317 1675 1580 1735 ministrum,

210 1761 290 1807 per
306 1760 432 1808 quem
459 1745 683 1807 baptizor,
711 1744 864 1798 cred0;
892 1745 962 1790 sed
984 1745 1028 1790 in
1052 1763 1149 1790 eum
1172 1746 1247 1808 qui
1265 1746 1477 1804 justificat
1494 1747 1582 1793 im=

211 1814 335 1877 pium
356 1852 366 1871 ‚
391 1825 439 1859 ut
459 1814 695 1876 deputetur
714 1814 822 1860 mihi
853 1815 958 1860 fides
986 1815 1283 1874 adjustitiam.

277 1887 354 1931 IX.
391 1885 501 1931 Cum
523 1884 709 1930 audierit
732 1903 742 1929 :
771 1906 790 1926 «
816 1886 954 1931 Arbor
972 1886 1086 1930 bona
1110 1886 1246 1930 bonos
1270 1884 1436 1939 fructus
1453 1886 1581 1944 facit,

213 1977 233 1997 »
254 1956 384 2001 arbor
406 1955 520 2000 mala
544 1955 678 2000 malos
703 1955 870 2000 fructus
898 1955 1003 2000 facit
1027 1973 1036 2000 :
1059 1955 1275 2019 numquid
1299 1955 1509 2015 colligunt
1533 1957 1587 2003 de

214 2048 234 2068 ))
251 2027 386 2090 spinis
409 2029 545 2071 uvas?
568 2027 623 2070 Et
646 2027 786 2071 omnis
815 2027 956 2072 bonus
981 2027 1114 2072 homo
1146 2026 1198 2072 de
1220 2027 1422 2072 thesauro
1441 2028 1586 2074 cordis

213 2119 233 2140 >)
255 2099 318 2143 sui
341 2096 507 2160 profert
529 2097 644 2141 bona
663 2134 672 2151 ‚
712 2107 753 2141 et
788 2097 926 2142 malus
957 2097 1090 2141 homo
1119 2096 1172 2141 de
1208 2096 1412 2142 thesauro
1446 2098 1587 2144 cordis

214 2189 235 2210 »
252 2167 318 2213 sui
348 2166 516 2229 profert
550 2165 723 2210 mala2:
755 2188 774 2207 >³
810 2165 1092 2229 respondebit
1125 2184 1134 2210 ε
1175 2166 1272 2212 Hoc
1309 2184 1407 2226 ergo
1443 2168 1586 2214 bonus

212 2239 382 2284 fructus
404 2247 491 2293 est,
520 2247 567 2281 ut
595 2236 725 2281 arbor
753 2236 869 2282 bona
899 2237 975 2281 sim
996 2273 1006 2291 ,,
1033 2236 1119 2282 hoc
1139 2246 1226 2291 est,
1259 2237 1399 2281 bonus
1422 2237 1584 2296 homo,

215 2319 262 2355 ut
281 2308 503 2372 praebeam
521 2306 712 2351 fructum
738 2307 903 2351 bonum
919 2343 928 2361 ‚
951 2306 1037 2351 hoc
1055 2318 1118 2351 est
1136 2343 1146 2352 .
1171 2323 1303 2369 opera
1331 2306 1460 2353 bona.
1490 2308 1587 2354 Hoc

215 2390 382 2434 autem,
417 2395 504 2423 non
532 2377 607 2439 qui
630 2377 802 2440 plantat
837 2388 877 2422 et
912 2377 987 2440 qui
1019 2377 1155 2436 rigat,
1189 2377 1299 2421 mihi
1335 2376 1488 2434 dabit,
1516 2379 1589 2425 sed

215 2451 291 2515 qui
310 2450 625 2496 incrementum
656 2448 732 2493 dat
767 2449 895 2494 Deus.
929 2449 1040 2493 Nam
1072 2448 1102 2492 si
1135 2448 1265 2492 arbor
1295 2448 1413 2494 bona
1445 2449 1588 2496 bonus

214 2522 459 2586 baptizator
478 2530 539 2566 est
554 2557 565 2576 ‚
588 2529 636 2565 ut
659 2520 828 2566 fructus
851 2523 941 2579 ejus
963 2520 1106 2566 bonus
1123 2519 1177 2565 sit
1199 2518 1270 2565 ille
1291 2536 1418 2583 quem
1438 2520 1591 2585 bapti-

265 2607 276 2630 1
297 2603 416 2639 Matth.
434 2615 534 2644 xxxxi,
550 2606 582 2638 3.
596 2621 639 2628 —-
657 2602 673 2626 2
691 2604 739 2637 Id.
756 2615 815 2645 vn,
832 2604 883 2643 16,
900 2609 930 2635 et
948 2614 1007 2643 x11‚
1023 2604 1079 2638 35,
