1894 3154
294 315 352 348 nr:
389 313 613 349 ΒΔΡΤῙεΜο
650 314 825 348 coNTRA
856 313 1151 360 υοΝΔΤιετΑε,
1190 320 1279 353 Lm.
1320 324 1359 353 v.
1447 306 1539 354 355

164 382 400 430 utebantur
420 378 432 429 :'
452 383 513 429 sic
536 382 659 429 nullo
682 381 815 429 modo
834 381 941 429 facit
958 393 1005 429 ut
1023 383 1266 447 baptismus
1293 386 1435 433 bonus
1453 405 1541 434 non

164 453 243 510 sit,
273 465 346 500 aut
366 465 414 500 ut
437 454 613 500 omnino
633 454 877 518 baptismus
902 471 990 499 non
1014 454 1091 510 sit,
1123 455 1318 518 quisquis
1353 474 1426 513 eo,
1455 459 1541 505 sive

166 524 267 587 quia
290 523 336 570 in
354 524 531 582 haeresi,
554 525 642 570 sive
659 525 761 589 quia
786 526 830 571 in
859 525 1052 588 pessimis
1075 525 1270 572 moribus
1293 527 1431 584 vivit,
1453 545 1541 574 non

164 594 351 654 legitime
374 597 524 643 utitur.
554 598 608 642 Et
623 596 720 642 ideo
742 613 844 642 cum
865 595 933 642 vel
952 596 1006 642 ad
1026 597 1232 643 unitatem
1253 598 1535 656 catholicam,

164 665 232 712 vel
251 666 305 711 ad
327 667 462 713 vitam
495 678 615 713 tanto
645 678 910 713 sacramento
937 667 1115 727 dignam
1138 669 1420 726 convertitur,
1453 687 1543 715 non

165 735 285 781 aliud
307 737 523 800 baptisma
544 738 702 801 incipit
720 737 881 783 babere
903 737 1162 798 legitimum,
1181 739 1254 785 sed
1270 739 1379 785 illud
1396 740 1540 804 ipsum

164 806 322 870 incipit
340 809 503 855 habere
523 809 724 870 legitime.
749 811 839 856 Nec
864 810 1055 855 remissio
1071 810 1422 857 irrevocabilium
1443 829 1544 875 pec‘

167 888 365 925 catorum
401 882 679 944 consequitur
713 880 961 944 baptisma,
995 881 1077 926 nisi
1107 899 1195 927 non
1228 882 1367 928 solum
1396 883 1541 942 legiti-

166 965 287 995 mum
300 987 310 1006 ,
328 950 400 997 sed
419 952 546 997 etiam
560 951 747 1013 legitime
764 951 982 997 habeatur
1001 969 1011 996 :
1037 969 1114 997 nec
1135 961 1279 997 tamen
1298 953 1332 997 si
1351 952 1542 1012 legitime

169 1036 257 1065 non
280 1021 537 1079 habebitur,
575 1033 618 1068 et
650 1031 831 1086 peccata
861 1022 929 1069 vel
962 1039 1048 1067 non
1075 1022 1366 1079 remittentur,
1393 1023 1458 1069 vel
1483 1041 1546 1069 re-

170 1090 297 1136 missa
331 1091 691 1155 replicabuntur,
727 1102 958 1156 propterea
988 1091 1055 1138 vel
1089 1091 1253 1138 malum
1280 1093 1347 1139 vel
1377 1093 1544 1139 nullum

171 1161 251 1206 erit
268 1161 312 1207 in
336 1163 556 1226 baptizato
579 1164 788 1227 baptismi
815 1173 1146 1209 sacramentum.
1182 1163 1305 1208 Sicut
1324 1164 1437 1209 enim
1464 1165 1490 1209 J
1495 1181 1549 1209 u-

173 1229 249 1275 das
264 1267 275 1287 ,
303 1234 374 1278 cui
396 1234 641 1279 buccellam
664 1233 846 1279 tradidit
867 1234 1079 1278 Dominus
1095 1270 1105 1286 ,
1128 1250 1216 1278 non
1238 1233 1402 1279 malum
1432 1234 1551 1280 acci-

171 1300 356 1364 piendo,
377 1303 451 1348 sed
470 1304 580 1349 male
592 1303 1004 1367 accipiendolocum
1017 1303 1061 1348 in
1081 1320 1122 1348 se
1140 1303 1317 1349 diabolo
1329 1305 1546 1367 praebuit:

173 1371 234 1418 sic
249 1372 424 1434 indigne
442 1374 625 1438 quisque
643 1391 813 1419 sumens
832 1373 1115 1419 Dominicum
1134 1385 1452 1420 sacramentum
1467 1392 1554 1421 non

174 1444 304 1490 efficit
322 1482 333 1501 ,
357 1455 406 1490 ut
422 1445 524 1509 quia
543 1445 634 1507 ipse
660 1444 798 1489 malus
821 1454 907 1499 est,
935 1443 1096 1489 malum
1123 1443 1197 1498 sit,
1236 1455 1309 1489 aut
1340 1445 1442 1508 quia
1468 1462 1556 1491 non

175 1515 230 1561 ad
248 1515 428 1561 salutem
446 1515 632 1578 accipit,
654 1513 767 1560 nihil
786 1514 1014 1577 acceperit.
1042 1515 1214 1577 Corpus
1239 1515 1354 1560 enim
1384 1516 1559 1560 Domini

176 1598 217 1633 et
239 1587 410 1647 sanguis
435 1579 610 1632 Domini
647 1586 934 1631 nihilominus
951 1596 1042 1631 erat
1061 1586 1188 1631 etiam
1209 1586 1293 1632 illis
1309 1587 1470 1650 quibus
1494 1586 1558 1632 di-

177 1658 305 1704 cebat
329 1657 595 1721 Apostolus:
623 1678 643 1698 <c
663 1657 751 1713 Qui
769 1656 1218 1715 manducatindigne
1208 1657 1452 1717 judicium
1475 1658 1557 1703 sibi

178 1750 198 1771 >³
216 1729 455 1775 manducat
476 1739 518 1773 et
537 1728 655 1773 bibit
672 1727 704 1774 1.
733 1749 752 1769 υ
779 1729 877 1773 Non
909 1744 1009 1786 ergo
1032 1738 1231 1790 quaerant
1248 1729 1293 1773 in
1323 1728 1552 1774 Catholica

177 1799 372 1845 baeretici
386 1784 506 1863 quod
521 1798 704 1851 habent,
727 1797 799 1843 sed
816 1797 936 1861 quod
953 1814 1042 1842 non
1058 1797 1099 1842 h
1093 1798 1240 1854 ibent,
1262 1798 1306 1844 id
1320 1809 1400 1855 est,
1428 1800 1558 1845 finem

177 1870 417 1933 praecepti,
457 1869 546 1914 sine
580 1885 668 1932 quo
698 1867 838 1913 multa
870 1878 1017 1913 sancta
1055 1868 1211 1913 haberi
1247 1880 1453 1932 possunt,
1490 1869 1564 1915 sed

179 1940 379 2003 prodesse
402 1958 490 1986 non
513 1950 710 2003 possunt.
743 1960 763 1980 α
781 1939 897 1983 Finis
918 1949 1059 1984 autem
1094 1940 1307 2003 praecepti
1326 1977 1336 1995 ,
1366 1950 1428 1985 est
1451 1940 1562 1987 cha-

181 2033 201 2053 »
219 2012 323 2057 ritas
347 2011 399 2057 de
426 2010 556 2057 corde
588 2026 702 2072 puro
721 2047 730 2065 ,
759 2019 801 2054 et
835 2009 1100 2055 conscientia
1123 2009 1264 2066 bona,
1292 2021 1333 2055 et
1364 2010 1450 2056 fide
1473 2028 1559 2056 non

182 2104 203 2125 n
219 2083 366 2130 ficta2.
388 2104 408 2124 ›)
432 2082 614 2128 Lavacri
638 2098 739 2126 vero
758 2091 1076 2126 sacramentum
1104 2097 1190 2125 non
1212 2091 1260 2125 ut
1285 2081 1479 2126 habeant
1494 2119 1505 2137 ,
1529 2082 1562 2126 si

176 2157 267 2213 jam
290 2153 443 2198 eodem
468 2153 563 2215 ipso
581 2189 591 2207 ,
619 2152 817 2214 quamvis
843 2151 887 2196 in
910 2151 1067 2196 haeresi
1091 2151 1214 2196 tincti
1238 2162 1339 2196 sunt
1359 2171 1369 2203 3
1407 2149 1480 2196 sed
1514 2162 1561 2196 ut

181 2222 411 2270 salubriter
429 2223 646 2278 habeant,
665 2221 719 2267 ad
745 2220 989 2268 Catholicae
1012 2221 1222 2265 unitatem
1247 2221 1560 2286 veritatemque

180 2293 395 2341 festinent.

247 2368 301 2412 X.
332 2365 430 2412 Jam
452 2383 570 2412 nunc
589 2365 643 2411 de
660 2365 882 2428 baptismo
911 2361 1090 2407 Joannis
1114 2361 1354 2407 videndum
1374 2372 1435 2408 est
1451 2363 1560 2428 quid

184 2435 356 2483 dicatur
373 2455 383 2482 :
407 2458 426 2479 «
445 2437 695 2500 Baptizatos
712 2434 828 2480 enim
848 2452 870 2479 a
886 2433 1024 2479 Paulo
1044 2449 1113 2477 eos
1136 2432 1213 2496 qui
1231 2436 1323 2492 jam
1341 2433 1561 2496 baptismo

184 2506 363 2554 Joannis
395 2507 607 2572 baptizati
641 2506 849 2561 fuissent,
883 2503 1065 2564 legimus
1089 2502 1134 2548 in
1167 2503 1352 2549 Actibus
1369 2505 1562 2568 Aposto-

183 2580 355 2628 lorum-⁹>
378 2600 389 2634 ;
412 2602 432 2622 »
460 2597 550 2625 non
582 2579 640 2623 ob
674 2575 816 2633 aliud,
852 2575 935 2621 nisi
967 2574 1071 2639 quia
1105 2574 1280 2620 Joannis
1318 2575 1562 2639 baptismus

235 2667 278 2697 ¹1
298 2667 507 2707 Cor.211,29.
526 2681 571 2687 —-
590 2661 604 2685 ²
622 2674 634 2693 1
655 2662 740 2696 Tim.
766 2672 796 2705 1,
819 2662 850 2692 5.
865 2677 909 2684 —
925 2657 939 2682 3
956 2662 1027 2692 Act.
1045 2660 1162 2699 x1x‚5.

1350 2711 1423 2758 23.
