1894 3154
305 259 396 310 958
718 277 752 307 s.
799 275 1036 306 Atecsrixi
1075 275 1274 305 eviscovi

294 343 410 388 hanc
444 340 602 397 vitam,
639 352 811 404 sperent
837 351 966 404 atque
1004 339 1273 396 desiderent,
1307 341 1507 387 animales
1548 352 1661 389 sunt.

290 409 483 458 Ecclesia
506 429 606 458 vero
629 410 750 475 quod
770 421 831 457 est
853 410 1045 474 populus
1074 412 1168 465 Dei,
1198 411 1324 456 etiam
1351 411 1394 456 in
1417 412 1538 457 istius
1564 413 1666 458 viiae

289 482 631 545 peregrinatione
649 481 826 544 antiqua
852 498 916 525 res
942 491 1020 533 est,
1046 481 1091 525 in
1118 481 1209 525 aliis
1230 481 1485 526 homiuibus
1505 482 1671 528 habens

293 552 520 597 animalem
548 551 819 613 portionem,
847 549 891 594 in
917 549 1008 594 aliis
1036 559 1176 595 autem
1206 550 1463 612 spiritalem.
1492 550 1556 596 Ad
1576 551 1666 596 ani-

291 621 424 666 males
440 621 628 684 pertinet
654 620 781 665 Vetus
801 621 1146 674 Testamentum,
1167 619 1218 664 ad
1246 619 1457 682 spiritales
1477 620 1664 667 Novum.

291 690 377 736 scd
404 690 554 754 primis
578 690 850 753 temporibus
866 700 1101 752 utrumque
1120 688 1338 735 occultum
1357 689 1508 735 fuitab
1530 689 1670 736 Adam

289 777 425 824 usque
456 760 509 806 ad
529 761 723 823 Moysen.
756 762 791 806 A
820 762 969 822 Moyse
992 771 1133 806 autem
1158 760 1474 805 manifestatum
1499 771 1561 806 est
1584 760 1671 806 Ve-

288 842 373 887 tus,
396 842 438 876 et
461 831 506 876 in
532 849 581 877 eo
604 831 700 894 ipso
721 830 1028 876 occultabatur
1049 831 1222 876 Novum
1243 868 1252 886 ‚
1281 830 1383 894 quia
1406 830 1574 876 occulte
1591 831 1673 890 sig-

288 901 566 948 nificabatur.
598 904 748 946 Postea
767 918 866 946 vero
881 918 1012 965 quam
1027 901 1072 946 in
1093 918 1220 946 carne
1236 900 1450 946 Dominus
1461 900 1593 957 venit,
1608 919 1672 946 re-

289 971 479 1016 velatum
498 982 559 1016 est
574 971 746 1016 Novum
766 971 956 1017 :Veteris
975 981 1114 1016 autem
1138 981 1404 1016 sacramenta
1423 981 1669 1024 cessarunt;

292 1040 366 1087 sed
393 1041 761 1104 concupiscentiae
798 1041 899 1087 tales
929 1058 1015 1087 non
1049 1051 1336 1087 cessaverunt.
1364 1042 1414 1085 In
1445 1040 1528 1086 illis
1556 1042 1671 1087 enim

296 1122 413 1167 sunt,
439 1128 549 1174 quos
571 1111 803 1174 Apostolus
824 1116 915 1171 jam
934 1130 1012 1175 per
1034 1122 1352 1157 sacramentum
1381 1111 1493 1156 Novi
1519 1112 1671 1157 Testa-

294 1181 426 1227 menti
451 1191 590 1237 natos,
619 1181 764 1226 adhuc
790 1191 931 1227 tamen
956 1181 1064 1227 dicit
1088 1181 1291 1227 animales
1314 1198 1401 1226 non
1425 1198 1549 1244 posse
1567 1198 1669 1244 per-

296 1253 441 1316 cipere
464 1269 564 1315 quae
584 1262 684 1297 sunt
705 1252 893 1314 Spiritus
912 1252 1026 1299 Deil.
1048 1254 1170 1298 Sicut
1196 1253 1308 1297 enim
1328 1252 1371 1297 in
1395 1252 1672 1297 sacramentis

295 1322 460 1369 Veteris
484 1323 747 1368 Testamenti
767 1323 973 1368 vivebant
1008 1323 1186 1387 quidam
1233 1322 1460 1385 spiritales,
1497 1321 1551 1366 ad
1579 1323 1672 1367 No-

293 1410 398 1439 vum
416 1393 579 1438 scilicet
607 1393 931 1438 Testamentum
968 1393 1088 1456 quod
1123 1403 1228 1438 tunc
1251 1391 1557 1437 occultabatur
1591 1408 1671 1436 oc-

291 1463 406 1508 culte
430 1461 717 1525 pertinentes:
736 1461 795 1507 sic
816 1472 856 1507 et
874 1479 990 1508 nunc
1013 1463 1056 1508 in
1085 1472 1353 1507 sacramento
1381 1462 1490 1507 Novi
1518 1463 1670 1506 Testa-

287 1533 423 1578 menti
445 1531 562 1595 quod
586 1535 676 1591 jam
700 1531 934 1577 revelatum
957 1543 1034 1586 est,
1054 1532 1252 1595 plerique
1269 1532 1424 1577 vivunt
1447 1530 1664 1577 animales,

287 1603 375 1658 Qui
394 1603 604 1666 prolicere
627 1601 661 1646 si
688 1601 843 1646 nolunt
862 1601 914 1646 ad
932 1601 1215 1665 percipienda
1244 1618 1344 1665 quae
1364 1611 1465 1646 sunt
1483 1600 1671 1663 Spiritus
1736 1660 1743 1663 ἐ

287 1673 384 1728 Dei,
408 1688 495 1735 quo
519 1689 590 1717 eos
616 1671 818 1717 hortatur
841 1689 980 1717 sermo
1008 1672 1302 1735 Apostolicus‚
1329 1671 1382 1717 ad
1405 1672 1536 1716 Vetus
1562 1671 1670 1716 Tes-

292 1753 527 1788 tamentum
540 1742 838 1805 pertinebunt.
869 1742 912 1787 Si
937 1753 1078 1788 autem
1095 1743 1352 1806 proficiunt,
1379 1752 1420 1787 et
1439 1753 1668 1804 antequam

290 1813 483 1876 capiant,
509 1812 603 1875 ipso
625 1811 823 1875 profectu
859 1823 900 1858 et
924 1830 1095 1859 accessu
1124 1813 1176 1859 ad
1216 1815 1387 1859 Novum
1410 1812 1628 1876 pertinent
1655 1829 1665 1856 :

292 1893 335 1928 et
359 1882 394 1927 si
417 1882 536 1945 prius
559 1899 690 1945 quarn
733 1882 944 1945 spiritales
963 1884 1094 1939 fiant,
1121 1894 1162 1928 et
1186 1884 1272 1928 hac
1302 1884 1387 1928 vita
1423 1882 1667 1945 rapiantur,

294 1952 499 1998 custoditi
522 1969 599 2015 per
638 1952 895 1997 sacramenti
937 1953 1205 1998 sanctitatem
1226 1953 1271 1997 in
1297 1963 1407 1997 terra
1431 1952 1668 1997 viventium

295 2032 628 2085 computantur,
656 2021 732 2067 ubi
755 2032 815 2066 est
834 2039 928 2084 spes
944 2033 1087 2068 nostra
1101 2034 1139 2069 et
1162 2024 1310 2087 portio
1326 2023 1549 2069 Dominus.
1582 2022 1670 2067 Nec

294 2093 466 2138 invenio
485 2091 592 2155 quid
618 2091 758 2137 verius
776 2091 1041 2151 intelligatur
1061 2093 1103 2138 in
1128 2111 1176 2139 eo
1202 2093 1318 2157 quod
1342 2093 1551 2156 seriptum
1572 2103 1633 2138 est
1655 2111 1665 2138 ε

295 2186 314 2202 «
342 2162 651 2226 Imperfectum
678 2179 820 2207 meum
858 2162 1062 2208 viderunt
1086 2165 1202 2210 oculi
1222 2165 1314 2209 tui:
1339 2187 1358 2205 »
1384 2163 1668 2227 quandoqui-

296 2234 396 2279 dem
419 2233 629 2296 sequitur,
657 2253 676 2273 α
702 2233 757 2276 1ἶῐ
779 2232 821 2277 in
842 2232 956 2278 libro
978 2243 1052 2278 tuo
1083 2251 1230 2280 omnes
1248 2234 1494 2280 scribentur
1511 2233 1544 2280 2.
1570 2255 1590 2273 n

361 2303 496 2349 XXV.
547 2303 658 2358 Quae
688 2311 828 2347 autem
854 2302 1024 2366 peperit
1061 2304 1165 2349 Abel
1191 2315 1231 2349 et
1261 2304 1412 2350 Enoch
1440 2316 1481 2350 et
1509 2306 1601 2350 Nota:
1628 2315 1670 2350 et

297 2373 538 2425 Abraham,
567 2372 660 2434 ipsa
699 2372 871 2434 peperit
911 2374 1086 2435 Moysen
1113 2384 1154 2419 et
1193 2374 1436 2437 Prophetas
1476 2385 1669 2437 tempore

292 2443 547 2508 posteriores
566 2452 662 2486 ante
683 2442 916 2488 adventum
947 2444 1145 2498 Domini;
1169 2455 1209 2490 et
1238 2461 1338 2508 quae
1365 2445 1482 2497 istos,
1517 2445 1609 2508 ipsa
1629 2456 1670 2490 et

294 2518 324 2562 A
337 2511 522 2577 postolos
535 2523 576 2557 et
593 2512 632 2555 M
641 2523 801 2575 artyres
813 2525 978 2560 nostros
996 2526 1035 2560 et
1053 2533 1198 2562 omnes
1219 2516 1356 2562 honos
1378 2516 1661 2562 Christianos.

341 2598 351 2618 Ι
375 2607 387 2626 1
409 2600 485 2627 (201.
504 2605 538 2638 n,
565 2600 618 2630 14.
639 2611 681 2617 —
698 2594 712 2615 '²
732 2596 799 2626 stul
834 2606 989 2635 taurin,
1017 2599 1066 2630 16.
