1894 3154
663 316 718 346 DE
753 316 1010 359 TRIMTATE,
1051 317 1139 348 ΗΒ.
1181 317 1253 348 xv.
1588 304 1649 367 59

281 381 404 426 Unde
430 381 541 427 illud
575 391 637 427 est
667 381 713 426 in
735 380 849 426 libro
882 381 1117 445 Sapientiae
1149 399 1160 426 ε
1187 381 1434 428 «Dixerunt
1467 383 1585 445 apud
1608 401 1650 429 se

279 471 300 491 2>
323 451 558 510 cogitantes
579 468 667 496 non
689 450 877 497 rectel.»
899 453 1110 515 Exposuit
1131 452 1244 497 enim
1270 452 1375 515 quid
1400 453 1469 507 sit,
1487 474 1507 493 «
1528 454 1650 498 Dixe-

278 541 300 561 »
322 531 425 566 runt
456 521 575 584 apud
610 538 651 566 se
668 558 679 577 ,
696 542 717 562 »
742 538 843 566 cum
871 521 1065 578 addidit,
1093 522 1416 580 «cogitantes»
1451 522 1567 568 Huic
1589 523 1649 567 si-

277 591 378 637 mile
400 603 460 637 est
479 593 525 637 in
542 592 791 652 Evangelio,
807 592 1119 655 quodquidam
1136 593 1304 638 Scribae
1321 610 1421 638 cum
1438 592 1652 638 audissent

279 679 302 706 a
320 663 509 708 Domino
530 663 697 708 dictum
720 662 983 725 paralytico,
1019 663 1265 718 «Confide,
1296 663 1386 719 fili,
1418 663 1650 708 remittun-

279 751 300 772 »
325 742 398 776 tur
420 732 503 777 tibi
534 742 714 796 peccata
738 742 841 785 tua3
868 732 1070 778 dixerunt
1091 733 1207 778 intra
1230 749 1272 778 se
1296 750 1306 776 :
1328 732 1412 778 Hic
1440 732 1651 795 blasphe-

277 822 298 842 >)
321 803 456 850 mat2.
482 824 502 844 ›>
520 803 641 859 Quid
666 813 728 848 est
745 803 878 859 enim,
907 804 1152 849 «Dixerunt
1170 804 1283 848 intra
1301 820 1366 859 se,
1383 824 1403 845 »
1425 803 1508 848 nisi
1528 801 1652 861 cogi-

279 872 444 918 tando?
489 874 687 936 Denique
740 874 932 936 sequitur
947 911 957 927 ‚
1003 896 1022 916 «
1053 875 1109 918 Et
1159 890 1260 918 cum
1302 873 1477 919 vidisset
1530 873 1652 917 Jesus

278 964 299 985 n
322 944 603 1003 cogitationes
638 960 813 999 eorum,
841 943 947 989 dixit
974 962 984 988 :
1013 945 1071 989 Ut
1104 943 1214 1007 quid
1248 943 1444 1002 cogitatis
1467 942 1581 988 mala
1606 943 1652 987 in

275 1033 298 1054 »
320 1013 527 1059 cordibus
563 1013 745 1059 vestris?
773 1034 794 1055 2>
831 1013 903 1058 Sic
935 1015 1186 1060 Matthaeus.
1224 1015 1365 1058 Lucas
1389 1023 1532 1058 autem
1565 1012 1653 1057 hoc

274 1082 391 1128 idem
421 1084 480 1129 ita
505 1093 652 1128 narrat
680 1100 691 1127 :
717 1084 1000 1146 «Coeperunt
1037 1084 1228 1143 cogitare
1261 1083 1428 1128 Scribae
1459 1093 1501 1128 et
1536 1082 1653 1128 Pha-

275 1173 296 1194 »
321 1153 450 1209 risaei,
476 1154 690 1199 dicentes:
714 1154 824 1210 Quis
843 1165 906 1199 est
922 1155 998 1200 hic
1017 1154 1094 1218 qui
1116 1154 1311 1216 quuitur
1327 1153 1650 1216 blasphemias?

272 1244 292 1264 »
317 1223 426 1279 Quis
460 1234 601 1287 potest
644 1222 858 1269 dimittere
895 1234 1100 1287 peccata,
1137 1224 1219 1268 nisi
1257 1223 1370 1268 solus
1408 1225 1556 1268 Deus?
1590 1223 1649 1267 Ut

276 1314 296 1334 »
323 1295 527 1352 cognovit
557 1304 699 1339 autem
732 1293 1012 1353 cogitationes
1034 1310 1185 1339 eorum
1208 1294 1348 1348 Jesus,
1385 1292 1651 1356 respondens

276 1384 296 1403 >2
320 1363 427 1408 dixit
456 1364 512 1409 ad
542 1363 638 1409 illos
661 1364 810 1421 :Quid
848 1364 1047 1424 cogitatis
1076 1365 1121 1409 in
1154 1362 1362 1408 cordibus
1397 1362 1609 1408 vesu-ism
1630 1384 1650 1403 >2

276 1433 414 1489 Quale
451 1445 514 1479 est
548 1434 594 1479 in
616 1434 730 1479 libro
753 1434 1006 1497 Sapientiae,
1031 1456 1050 1473 <c
1072 1434 1283 1479 Dixerunt
1306 1431 1571 1492 cogitantes!¹
1595 1450 1606 1476 :
1629 1453 1650 1474 »

275 1503 358 1549 tale
389 1503 464 1549 hic
503 1515 581 1560 θεῖ,
609 1525 629 1545 «
648 1504 962 1563 Cogitaverunt
995 1504 1200 1550 dicentes.
1218 1524 1239 1544 >³
1273 1503 1328 1548 Et
1353 1502 1442 1548 illic
1468 1502 1582 1547 enim
1609 1511 1651 1547 et

274 1573 350 1618 hic
367 1574 621 1629 ostenditur,
645 1574 758 1619 intra
777 1591 818 1619 se
843 1585 972 1638 atque
997 1575 1043 1619 in
1064 1573 1193 1619 corde
1216 1573 1476 1632 suo-dicere,
1503 1571 1550 1618 id
1568 1583 1647 1627 θεῖ,

275 1643 506 1702 cogitando
535 1644 690 1690 dicere.
721 1644 934 1689 Dixerunt
948 1643 1115 1707 quippe
1132 1644 1245 1688 intra
1263 1660 1322 1698 se,
1343 1653 1384 1687 et
1401 1642 1570 1688 dictum
1591 1652 1653 1687 est

275 1713 350 1770 eis,
375 1715 528 1771 «Quid
548 1715 773 1774 cogitatis?
789 1736 809 1756 »
831 1716 887 1759 Et
905 1714 958 1759 de
982 1714 1056 1760 illo
1075 1713 1208 1759 divite
1224 1716 1348 1773 cujus
1365 1713 1518 1758 uberes
1537 1712 1652 1758 fruc-

275 1793 343 1828 tus
370 1801 467 1843 ager
485 1783 646 1840 attulit,
672 1785 731 1829 ait
748 1784 841 1847 ipse
862 1784 1094 1841 Dominus,
1117 1784 1206 1827 «Et
1230 1782 1451 1842 cogitabat
1468 1782 1581 1827 intra
1609 1799 1651 1827 se

276 1873 297 1894 ³>
323 1853 510 1901 dicens3.
529 1875 550 1896 ›>

338 1924 504 1972 XVIII.
552 1925 768 1982 Quaedam
816 1943 914 1985 ergo
953 1924 1233 1985 cogitationes
1273 1923 1514 1969 locutiones
1552 1934 1653 1968 sunt

274 1994 433 2051 cordis,
460 1995 541 2040 ubi
557 2005 599 2040 et
617 2012 687 2040 eos
705 2012 791 2041 esse
814 1995 1029 2040 Dominus
1049 1993 1253 2050 ostendit,
1277 2010 1378 2039 cum
1397 1994 1455 2038 ait
1474 2011 1484 2037 :
1513 2014 1534 2034 α
1552 1992 1652 2038 Non

273 2086 295 2108 ›>
323 2065 444 2129 quod
462 2066 597 2112 intrat
618 2065 664 2111 in
687 2083 732 2111 os
756 2066 1012 2130 coinquinat
1034 2065 1276 2120 hominem,
1304 2064 1377 2109 sed
1398 2063 1518 2127 quod
1541 2079 1651 2126 pro-

273 2157 296 2178 »
321 2136 437 2182 cedit
458 2153 506 2182 ex
531 2153 620 2192 ore,
647 2136 736 2181 hoc
757 2137 1012 2199 coinquinat
1033 2135 1257 2181 hominem
1270 2133 1303 2181 4.
1325 2155 1346 2175 »
1372 2135 1469 2179 Una
1486 2143 1652 2178 senten-

272 2206 333 2252 tia
358 2205 446 2252 duo
475 2205 682 2269 quaedam
707 2206 900 2251 hominis
917 2223 993 2251 ora
1024 2205 1272 2268 complexus
1293 2214 1372 2259 est,
1397 2220 1536 2248 unum
1555 2220 1653 2248 cor-

271 2276 408 2342 poris,
439 2275 626 2321 alterum
653 2275 809 2323 cordis.
858 2278 969 2322 Nam
1006 2276 1155 2339 utique
1181 2274 1298 2320 unde
1327 2273 1393 2320 illi
1428 2273 1681 2319 hominem*

273 2357 535 2411 putaverant
554 2347 797 2410 inquinari,
824 2348 869 2393 in
887 2365 932 2393 os
953 2348 1088 2392 intrat
1114 2346 1309 2409 corporis
1333 2363 1343 2390 :
1372 2345 1488 2391 unde
1508 2355 1652 2390 autem

274 2417 488 2464 Dominus
504 2416 608 2462 dixit
622 2417 842 2480 inquinari
859 2417 1099 2471 hominem,
1116 2415 1169 2461 de
1186 2415 1327 2461 cordis
1342 2432 1414 2459 ore
1431 2414 1645 2477 procedit.

275 2490 342 2534 Ita
367 2489 533 2552 quippe
561 2488 756 2551 exposuit
784 2488 877 2551 ipse
903 2487 1023 2551 quod
1047 2487 1222 2533 dixerat.
1262 2488 1374 2531 Nam
1393 2485 1525 2549 paulo
1551 2494 1652 2548 post

324 2580 335 2601 ¹
354 2582 430 2623 Sap.
449 2591 489 2617 11,
508 2591 537 2611 1.
551 2597 598 2603 -
615 2578 826 2618 2Mauh.1x‚
848 2590 879 2612 2.
892 2597 938 2604 —
957 2576 970 2602 3
987 2582 1063 2614 Luc.
1086 2591 1115 2620 v,
1134 2590 1237 2613 21.—
1254 2575 1268 2600 ⁴
1282 2580 1355 2622 Sap.
1371 2589 1411 2621 11,
1433 2589 1460 2609 12
1479 2595 1523 2601 —
1541 2571 1644 2609 ⁵Luc.

277 2644 337 2673 x11,
356 2645 409 2673 17.
429 2651 474 2657 -—
486 2630 501 2653 6
514 2631 633 2665 Matth·
648 2642 703 2672 xv,
725 2643 775 2665 12.
