1894 3154
270 224 365 281 1238
694 238 731 269 S.
771 238 1015 271 Aucus‘rmr
1050 240 1254 270 Emscom

275 315 358 349 tom
385 302 631 366 baptismus
647 315 960 350 sacramentum
981 315 1042 350 cst
1066 305 1217 365 gratiae
1235 343 1246 361 ‚
1273 304 1367 368 ipsa
1389 312 1490 351 vero
1513 306 1650 365 gratia

281 373 463 420 abolitio
485 386 764 437 pcccatorum
789 386 961 430 estmon
982 388 1043 421 est
1070 375 1187 438 apud
1202 375 1428 421 haereticos
1445 376 1651 438 baptismi

279 445 428 504 gratia.
473 445 544 489 Sic
579 455 640 489 est
669 456 809 489 autem
846 463 978 490 unum
1002 447 1219 508 baptisma
1241 457 1282 491 et
1305 463 1390 491 una
1426 445 1615 491 Ecclesia
1635 483 1647 502 ‚

277 513 646 576 quemadmodum
672 525 732 559 est
758 532 841 559 una
880 532 988 577 spes.
1031 516 1155 560 Sicut
1184 533 1287 575 ergo
1312 516 1420 561 boni
1452 527 1493 561 et
1521 515 1648 571 mali,

279 601 367 630 non
393 584 598 629 habentos
622 601 749 628 unam
780 602 899 647 spem
917 621 927 639 ‚
957 595 1140 648 possunt
1166 584 1307 630 tamen
1331 586 1492 632 habere
1516 603 1654 632 unum

278 653 497 716 baptisma
516 671 525 697 ε
548 654 606 698 ita
627 655 787 716 quibus
809 672 895 699 uon
915 666 977 700 est
995 657 1239 701 communis
1272 656 1462 702 Ecclesia
1477 694 1488 713 ‚
1511 667 1656 720 potest

280 724 496 787 baptisma
521 741 608 769 esse
634 741 876 771 commune.

346 794 600 840 XXXVIII.
640 795 840 840 Zozimus
874 812 895 839 a
930 795 1144 841 Tharassa
1179 795 1316 842 dixit:
1342 795 1658 842 «Revelatione

282 863 397 910 facta
428 865 619 910 veritatis
639 902 649 920 ‚
675 865 801 910 cedat
823 883 942 911 error
973 867 1173 911 veritati:
1203 866 1306 929 quia
1335 877 1377 912 et
1406 870 1559 912 Petrus
1582 865 1659 930 qui

284 935 407 998 prius
448 935 820 992 circumcidebat,
866 937 990 982 cessit
1038 937 1177 982 Paulo
1229 937 1450 984 veritatem
1495 936 1665 1001 praedi-

290 1006 406 1050 canti
431 1006 465 1052 2.
482 1028 502 1048 »

355 1077 562 1124 XXXIX.
603 1077 912 1140 Respondetur
935 1096 947 1123 z
976 1082 1118 1124 Potest
1138 1079 1266 1124 etiam
1290 1088 1435 1124 nostra
1455 1095 1542 1124 esse
1567 1094 1666 1123 sen-

295 1147 427 1192 tentia
441 1147 537 1201 ista,
553 1158 595 1192 et
608 1148 665 1192 ita
678 1147 841 1193 factum
859 1159 919 1194 cst
938 1149 980 1193 in
996 1148 1081 1194 hac
1101 1148 1153 1193 de
1173 1149 1391 1211 baptismo
1409 1149 1662 1212 quaestione.

296 1218 407 1262 Nam
433 1218 610 1264 veritate
635 1229 780 1281 postea
807 1219 1015 1282 liquidius
1052 1219 1234 1265 revelata
1264 1219 1389 1264 cessit
1413 1236 1532 1264 error
1557 1218 1673 1263 veri-

298 1288 374 1332 tati
393 1325 403 1343 .
424 1306 522 1334 cum
545 1289 617 1334 illa
636 1290 918 1335 saluberrima
941 1290 1209 1335 consuetudo
1228 1291 1354 1335 etiam
1373 1290 1556 1353 plenarii
1571 1306 1673 1335 con-

300 1358 388 1402 cilii
413 1359 667 1404 auctoritate
694 1360 863 1405 firmata
890 1370 964 1406 est.
989 1362 1102 1405 Bene
1123 1371 1280 1415 tamen,
1309 1360 1426 1423 quod
1447 1360 1571 1405 toties
1587 1376 1676 1404 me-

300 1428 519 1474 minerunt
552 1430 679 1475 etiam
713 1431 905 1493 primum
935 1431 1242 1494 Apostolorum
1281 1432 1458 1476 Petrum
1488 1430 1676 1493 potuisse

305 1499 428 1544 aliter
468 1517 616 1562 sapere
657 1517 784 1564 quam
827 1502 983 1547 veritas
1013 1500 1292 1564 postulabat3
1328 1500 1446 1564 quod
1474 1499 1679 1545 accidisse

302 1569 431 1614 etiam
455 1571 672 1633 Γῃπίειηο
694 1572 782 1616 sine
802 1572 888 1617 ulla
911 1576 1002 1631 ejus
1027 1571 1287 1617 contumelia
1308 1571 1545 1626 credimus.
1575 1569 1680 1632 qui-

305 1656 493 1703 cumque
516 1640 736 1700 diligimus
761 1642 1062 1705 Cyprianum:
1095 1643 1198 1706 quia
1221 1658 1309 1687 non
1333 1659 1430 1687 eum
1452 1641 1516 1687 sas
1534 1652 1597 1686 est
1616 1640 1681 1685 di-

299 1709 379 1770 ligi
404 1712 557 1771 majori
583 1712 794 1757 charitate
809 1730 939 1776 quam
959 1715 1153 1759 Petrum.

370 1782 464 1828 XI.
494 1782 696 1828 Julianus
717 1801 740 1828 a
761 1784 938 1846 Telepte
958 1784 1064 1829 dixit
1088 1802 1099 1828 ι
1124 1783 1346 1845 Scriptum
1372 1793 1434 1828 est
1461 1800 1471 1828 :
1501 1803 1520 1820 u
1545 1783 1683 1827 Nemo

310 1870 330 1892 »
346 1862 488 1913 potest
509 1853 707 1915 accipere
726 1853 908 1917 aliquid,
933 1854 1013 1899 nisi
1033 1854 1180 1899 datum
1200 1853 1263 1899 illi
1276 1853 1405 1898 fuerit
1419 1853 1472 1898 de
1489 1851 1648 1899 coelo1.
1663 1872 1684 1892 »

313 1920 358 1964 Si
380 1920 554 1966 haeresis
572 1921 626 1966 de
645 1922 758 1967 coelo
772 1933 850 1977 est,
880 1934 1022 1986 potest
1046 1924 1265 1987 baptisma
1289 1924 1405 1969 dare.
1438 1945 1458 1964 ›>

375 1991 492 2036 XLI.
537 1991 697 2037 Audiat
716 2003 757 2037 et
775 1992 904 2038 alium
925 1993 1138 2039 dicentem
1162 2011 1171 2038 :
1215 1995 1260 2039 Si
1290 1994 1469 2039 avaritia
1497 1992 1550 2037 de
1574 1991 1687 2037 coelo

312 2071 390 2111 est.
414 2072 557 2124 potest
581 2063 799 2125 baptisma
824 2063 938 2110 dare.
968 2065 1023 2109 Et
1048 2075 1191 2110 tamen
1211 2064 1316 2110 dant
1341 2064 1458 2110 avari
1479 2081 1490 2108 ς
1516 2064 1688 2122 sicergo

314 2142 355 2177 et
379 2132 591 2178 haeretici.

378 2202 523 2249 XLII.
565 2205 746 2249 Faustus
782 2222 805 2249 a
848 2204 1020 2250 Timida
1063 2205 1178 2265 regia
1220 2203 1326 2250 dixit
1367 2221 1377 2249 τ
1428 2224 1447 2245 (ι
1473 2202 1571 2248 Non
1609 2201 1692 2247 sibi

313 2271 599 2319 blandiantur
622 2275 697 2338 qui
719 2275 936 2321 haereticis
954 2277 1299 2339 patrocinantur.
1333 2274 1421 2332 Qui
1444 2291 1526 2338 pro
1546 2273 1692 2318 haere-

317 2343 412 2388 ticis
440 2345 731 2391 ecclesiastico
755 2346 976 2410 baptismo
1000 2345 1231 2392 intercedit
1249 2383 1259 2401 ,
1296 2345 1391 2391 illos
1424 2344 1694 2390 Christianos

318 2422 360 2457 et
381 2430 459 2458 nos
483 2414 708 2461 haereticos
730 2415 849 2462 facit.
874 2438 894 2458 ›>

381 2484 547 2531 XLlll.
580 2486 694 2531 Huic
732 2486 1020 2549 respondetur
1049 2505 1058 2532 z
1089 2487 1134 2533 Si
1162 2486 1394 2551 quisquam
1427 2484 1570 2541 dicat,
1597 2500 1697 2530 eum

366 2564 378 2587 ¹
396 2567 499 2599 Galat.
516 2578 554 2606 ιι,
578 2579 626 2598 ιι.
644 2585 685 2590 -
704 2566 718 2589 2
738 2571 898 2607 Joan.111,
918 2580 972 2607 2?-
