1894 3154
350 231 405 262 DE
443 228 662 260 BAprisno
699 227 872 258 CONTRA
909 229 1200 272 nomnsrAs,
1239 234 1326 266 ΠΒ.
1367 235 1427 268 vi.
1504 224 1597 279 423

221 295 430 342 recedunt
449 295 502 341 de
527 287 802 348 EccleSia‚‘et
823 293 936 337 fiunt
959 293 1173 341 haeresum
1197 315 1285 343 non
1310 310 1482 347 tantum
1508 320 1595 349 sec-

224 377 398 422 tatores,
425 365 497 411 sed
517 364 645 409 etiam
675 362 938 418 conditores,
965 363 997 407 si
1015 368 1105 423 jam
1131 366 1344 429 baptizati
1367 371 1594 430 recedunt,

221 453 321 482 cum
347 434 584 481 secundum
610 432 737 477 istam
760 431 949 490 regulam
972 437 1138 495 pejores
1158 437 1242 481 sint
1262 439 1447 486 ethnicis
1468 479 1479 497 ‚
1511 442 1598 488 ha-

218 506 324 551 bent
344 517 488 550 tamen
513 502 734 566 baptisma
758 518 767 544 ε
791 519 891 546 nam
912 502 945 546 si
971 505 1152 549 correcti
1176 506 1353 554 redeant
1370 547 1380 564 ‚
1407 527 1494 555 non
1519 530 1595 558 ac-

219 576 417 639 cipiunt;
453 573 628 638 quodsi
664 571 928 628 amisissent,
968 573 1118 636 utique
1150 577 1411 640 acciperent.
1447 582 1596 627 Potest

218 664 318 705 ergo
344 647 434 692 fieri
473 656 522 690 ut
559 643 711 706 aliquis
746 646 868 705 pejor
893 643 947 688 sit
980 645 1156 691 ethnico
1176 683 1186 702 ‚
1227 653 1268 692 et
1301 645 1516 697 tamenin
1547 669 1596 699 eo

219 717 384 762 Christi
422 717 848 761 sacramentumnon
877 714 1015 760 solum
1050 716 1121 771 sit,
1148 717 1220 762 ‘sed
1258 719 1387 766 etiam
1426 739 1513 768 non
1543 723 1597 769 sit

216 793 357 851 pejus‚
386 795 518 852 quam
543 789 587 832 in
608 786 783 831 homine
813 797 960 832 sancto
979 798 1019 833 et
1035 793 1167 848 JustO.
1196 792 1287 837 Etsi
1309 794 1422 839 enim
1449 812 1612 858 quan-·

218 872 311 906 tum
337 862 379 907 in
401 861 474 906 illo
503 860 678 905 homine
702 869 762 903 est
782 896 792 911 ‚
824 876 911 904 non
935 860 1080 923 ipsum
1111 864 1324 920 servavit,
1352 866 1424 911 sed
1449 868 1595 913 animo

215 943 256 977 et
277 932 498 977 voluntate
522 930 701 976 violavit
723 949 733 982 3
762 940 903 974 tamen
935 941 1148 993 quantum
1174 933 1228 978 ad
1269 935 1412 997 ipsum
1446 938 1597 984 attinet

215 1012 531 1047 sacramentum
552 1039 562 1056 ,
599 1011 642 1045 et
680 1016 778 1045 cum
816 1010 1114 1064 contemptore
1149 1013 1189 1047 et
1215 1005 1497 1067 repudiatore
1521 1025 1596 1053 suo

213 1072 431 1131 integrum
477 1070 822 1133 inviolatumque
856 1072 1107 1133 permansit.
1161 1074 1315 1120 Nonne
1353 1076 1593 1124 Sodomitae

214 1142 380 1187 ethnici
401 1151 540 1195 erant,
562 1140 606 1186 id
632 1150 710 1194 cst,
737 1140 948 1199 gentiles?
973 1141 1145 1201 Pejores
1161 1159 1261 1207 ergo
1280 1154 1402 1190 erant
1423 1147 1569 1193 Judaei
1585 1185 1597 1204 ‚

214 1212 374 1273 quibus
392 1212 606 1256 Dominus
629 1210 737 1255 dicit
762 1228 772 1255 :
799 1232 818 1251 <<
842 1211 1098 1257 Tolerabilis
1129 1213 1209 1258 erit
1235 1215 1433 1262 Sodomis
1456 1217 1501 1263 in
1525 1218 1595 1264 die

214 1302 235 1322 ›>
251 1281 406 1340 judicii
429 1299 559 1345 quam
580 1281 707 1326 vobis·
723 1281 755 1326 5.
781 1282 866 1325 »Et
882 1282 1043 1343 quibus
1062 1283 1285 1346 Propheta
1306 1286 1440 1332 dicit:
1460 1310 1477 1330 «
1496 1289 1592 1334 Jus-

215 1374 234 1392 ))
261 1352 452 1397 tificastis
479 1351 734 1404 Sodomam,
762 1351 807 1395 id
829 1362 907 1405 est,
927 1353 971 1396 in
997 1355 1328 1416 comparatione
1352 1362 1490 1403 vestra
1512 1359 1595 1404 So-

215 1444 234 1462 »
262 1422 390 1467 doma
408 1425 523 1481 justa
546 1421 660 1467 facta
684 1431 745 1466 est
762 1420 795 1467 ¹.
826 1444 842 1462 n
868 1423 1093 1485 Numquid
1129 1433 1272 1470 tamen
1307 1426 1403 1473 ideo
1440 1446 1588 1474 sacra-

213 1504 356 1538 menta
378 1493 524 1538 divina
551 1509 650 1555 quae
672 1492 790 1557 apud
818 1493 995 1538 Judaeos
1014 1505 1152 1550 erant,
1182 1497 1283 1541 talia
1308 1509 1429 1543 erant
1446 1500 1594 1562 quales

211 1563 293 1624 ipsi
312 1573 431 1607 erant
452 1583 462 1615 3
493 1579 592 1625 quae
616 1562 827 1607 Dominus
850 1563 941 1627 ipse
968 1580 1142 1627 quoque
1160 1567 1376 1630 suscepit,
1404 1579 1444 1613 et
1469 1569 1521 1614 ad
1547 1587 1595 1616 ea

213 1632 472 1677 celebranda
498 1632 688 1694 leprosos
713 1642 819 1694 quos
844 1632 1133 1680 mundaverat
1162 1636 1278 1681 misit
1296 1638 1337 1693 2,
1367 1647 1406 1682 et
1431 1656 1478 1683 ea
1502 1641 1592 1685 Za-

212 1703 376 1748 chariae
413 1703 677 1747 ministranti
706 1695 889 1762 fingelus
915 1703 1049 1749 astitit
1070 1704 1112 1761 3,
1134 1718 1320 1769 eumque
1353 1708 1398 1753 in
1429 1711 1593 1774 templo

212 1773 524 1818 sacrificantem
553 1771 802 1817 exauditum
824 1791 909 1818 csse
927 1775 1180 1822 nuntiavit?
1215 1777 1324 1822 Haec
1349 1778 1496 1825 eadem
1523 1798 1596 1825 sa-

212 1854 432 1889 cramenta
460 1853 501 1888 et
524 1844 569 1888 in
592 1843 717 1888 bonis
742 1843 996 1889 hominihus
1018 1845 1131 1891 illius
1147 1848 1352 1909 temporis
1382 1860 1530 1906 erant,
1553 1861 1595 1896 et

211 1914 256 1959 iu
275 1914 396 1959 malis
416 1914 640 1977 peioribus
659 1931 791 1977 quam
813 1914 897 1959 sint
917 1915 1082 1960 ethnici
1102 1936 1113 1969 ;
1133 1918 1492 1980 quandoquidem
1512 1924 1594 1966 So-

215 1985 444 2030 domitisin
464 1985 623 2030 malitia
641 1984 809 2047 praelati
838 1995 937 2030 sunt
957 2003 966 2030 ε
990 1996 1031 2030 et
1054 1997 1198 2032 tamen
1229 1987 1302 2032 illa
1325 2002 1593 2037 sacramenta

216 2065 336 2100 erant
353 2055 396 2099 in
422 2054 612 2117 utrisque
641 2055 806 2114 integra
822 2065 953 2117 atque
981 2055 1143 2101 divina.

278 2125 542 2170 LXXXVII.
590 2125 698 2168 Nam
733 2134 773 2168 et
806 2124 889 2186 ipsi
917 2125 1093 2183 gentiles
1122 2125 1155 2170 si
1183 2126 1291 2188 quid
1321 2127 1520 2175 divinum
1555 2141 1596 2177 et

213 2205 380 2240 rectum
410 2194 456 2238 in
481 2193 692 2238 doctrinis
718 2193 802 2238 suis
831 2193 992 2238 habere
1019 2205 1286 2257 potuerunt,
1314 2214 1401 2242 non
1425 2198 1596 2262 impro-

215 2265 431 2310 baverunt
456 2263 591 2308 sancti
617 2264 768 2318 nostri,
789 2265 987 2327 quamvis
1004 2264 1068 2309 illi
1091 2282 1168 2327 per
1191 2282 1289 2311 suas
1314 2271 1591 2331 superstitio-

215 2352 288 2380 nes
313 2345 355 2379 et
379 2332 669 2378 idololatriam
710 2344 751 2377 et
787 2333 1036 2395 superbiam
1056 2371 1068 2388 ,
1110 2345 1374 2399 caeterosque
1406 2339 1599 2401 perditos

217 2422 355 2450 mores
374 2403 612 2449 detestandi
637 2414 791 2458 essent,
821 2414 862 2448 et
882 2404 963 2448 nisi
987 2403 1306 2463 corrigerentur
1324 2444 1335 2462 ,
1357 2406 1507 2454 divino
1526 2414 1595 2470 ju-

216 2474 332 2520 dicio
355 2473 582 2537 puniendi.
610 2474 722 2519 Nam
737 2484 776 2519 et
791 2473 952 2519 Paulus
973 2474 1192 2537 apostolus
1214 2475 1333 2539 apud
1357 2478 1594 2526 Athenien-

263 2555 470 2595 ¹Manh.x1‚
486 2563 544 2594 24.
563 2554 635 2580 ...2
653 2555 765 2588 Ezech.
785 2567 853 2596 xvr,
868 2557 924 2591 51.
943 2574 988 2580 —
1005 2555 1018 2579 3
1035 2560 1112 2592 Luc.
1131 2569 1215 2598 xvu,
1241 2565 1355 2596 14.—
1372 2558 1386 2583 4
1411 2561 1461 2596 Id.
1488 2575 1516 2602 1,
1540 2575 1594 2597 11.
