1894 3154
322 287 407 317 110
735 287 769 316 S·
811 287 1055 318 AUGUSTINI
1091 289 1293 318 EPISCOPI

315 351 360 396 Si
385 352 522 397 malus
539 362 631 397 erat
653 351 873 405 sacerdos,
898 352 1183 415 deponendus
1205 363 1296 398 erat
1320 363 1417 398 ante
1439 370 1449 397 ε

315 421 359 467 Si
383 439 472 467 non
492 431 662 484 poterat
689 421 847 485 deponi
867 460 876 477 ‚
901 422 1148 468 tolerandus
1177 423 1291 467 intra
1313 433 1430 468 rete:

314 492 437 537 Sicut
460 492 590 537 modo
613 492 801 537 toleratis
822 503 905 537 tam
934 492 1093 537 multos
1117 492 1252 537 malos
1271 503 1418 555 aperte
1438 510 1448 537 ε

313 563 369 606 Et
388 563 464 625 qui
488 562 604 607 fertis
624 579 704 625 pro
721 562 866 608 furore
881 600 892 619 ‚
918 562 1081 607 ferretis
1103 579 1237 608 unum
1258 580 1340 626 pro
1365 580 1489 626 pace.

439 663 598 721 Repet.
626 660 789 705 Omnes
809 661 885 723 qui
911 660 1132 720 gaudetis,
1156 672 1239 707 ele.

314 757 534 802 GAUDILM
556 774 762 816 magnum
782 767 886 801 esset
911 758 1056 813 nobis,
1085 759 1118 802 si
1140 769 1245 804 tunc
1263 758 1432 804 nolletis
1455 776 1595 805 errare
1613 777 1623 804 :

313 825 399 870 Sed
422 829 455 871 si
474 837 578 872 tunc
601 844 687 871 non
707 827 844 872 visum
863 837 923 872 est
943 844 1111 881 verum,
1134 827 1202 872 vel
1218 845 1337 873 nunc
1351 829 1514 890 experti
1528 829 1684 876 videte.

314 895 476 941 Multos
498 914 616 942 nunc
637 897 808 942 habetis
830 915 898 960 pl
887 915 938 942 ax
941 915 1004 944 os
1025 898 1100 960 qui
1123 915 1149 943 x
1154 898 1248 943 obis
1278 898 1512 961 displicent
1530 899 1687 945 valde:

311 967 400 1011 Nec
421 977 565 1011 tamen
588 967 668 1012 hos
687 968 896 1030 separatis
921 986 943 1012 a
966 978 1105 1013 Vestia
1123 968 1444 1015 communione.

309 1037 407 1081 Non
431 1035 532 1081 dico
556 1036 610 1081 (16
634 1036 716 1081 illis
741 1037 932 1099 peccatis
951 1074 961 1092 ‚
989 1054 1090 1100 quae
1107 1038 1284 1101 potestis
1307 1049 1349 1083 et
1375 1055 1528 1098 negare
1551 1056 1562 1083 z

312 1108 480 1161 Fustes‚
516 1108 658 1166 ignes,
690 1118 847 1152 mortes
874 1108 999 1163 dieo,
1035 1125 1135 1171 quae
1170 1109 1453 1154 committunt
1487 1109 1616 1155 vestri
1646 1109 1691 1155 in

377 1175 489 1223 luce.

312 1245 367 1290 Et
387 1256 532 1293 tamen
557 1247 740 1292 suffertis
760 1247 854 1293 illos
869 1285 879 1303 ‚
906 1248 974 1293 vel
998 1265 1142 1294 errore
1158 1285 1168 1304 ‚
1194 1248 1262 1293 vel
1284 1249 1454 1296 timore.

312 1316 535 1372 Quantum
558 1328 665 1372 erat,
690 1318 851 1364 ferrent
875 1336 1012 1364 unum
1039 1330 1181 1382 patres
1208 1321 1333 1365 vestri
1356 1338 1437 1383 pro
1462 1321 1652 1377 unitate,

311 1387 356 1432 Si
378 1398 522 1433 tantus
546 1399 636 1433 erat
656 1389 867 1435 tumultus
883 1427 893 1445 ‚
921 1401 969 1435 ut
994 1408 1082 1435 non
1106 1401 1280 1453 possent
1304 1391 1554 1451 degradare.

311 1457 438 1503 Addo
458 1458 612 1536 quod
600 1475 808 1505 innocens
832 1471 946 1516 erat,
974 1471 1015 1505 et
1039 1460 1101 1505 nil
1121 1471 1257 1523 poter
1259 1472 1321 1506 int
1340 1462 1541 1524 probare.

310 1528 394 1573 Sed
421 1546 474 1574 ne
502 1529 665 1574 crimen
684 1541 970 1593 quaeieretur
998 1531 1075 1576 ubi
1103 1548 1144 1576 se
1162 1531 1370 1576 videbant
1390 1548 1506 1584 esse3

308 1598 355 1642 F
344 1609 544 1646 luxerunt
566 1616 608 1644 56
632 1599 761 1644 nimis
779 1604 937 1660 J'ustos‚
955 1619 1056 1647 cum
1076 1611 1217 1646 totum
1231 1601 1388 1646 vellent
1410 1601 1682 1665 perturbare.

436 1708 597 1766 Repet.
624 1704 786 1749 Omnes
807 1705 883 1768 qui
907 1704 1124 1765 gaudetis,
1159 1716 1238 1749 (a.

309 1804 526 1850 HoNoREs
548 1821 680 1851 vanos
704 1807 781 1870 qui
805 1809 987 1870 quaerit.
1018 1825 1106 1853 non
1130 1807 1224 1853 vult
1255 1825 1355 1853 cum
1381 1807 1558 1853 Christo
1584 1824 1685 1867 reg·-

372 1891 475 1919 nare
497 1892 507 1919 :

309 1943 433 1989 Sicut
454 1945 658 2010 princeps
682 1946 814 2006 hujus
841 1948 967 2002 mali,
992 1947 1045 1993 de
1071 1953 1195 2008 cujus
1216 1959 1430 1993 vocantur
1454 1959 1592 2011 parte.

309 2015 420 2059 Nam
446 2016 639 2062 Donatus
662 2034 762 2062 cum
786 2017 962 2062 volebat
988 2017 1178 2064 Africam
1207 2029 1341 2063 totam
1365 2019 1560 2063 obtinere
1577 2055 1587 2074 ‚

307 2085 432 2130 Tunc
449 2085 618 2145 judices
640 2089 944 2133 transmarinos
961 2089 1086 2151 petiit
1108 2089 1164 2134 ab
1186 2090 1452 2151 Imperatore
1475 2106 1485 2133 :

308 2154 396 2200 Sed
419 2155 517 2201 haec
540 2166 629 2202 tam
652 2157 811 2216 injusta
834 2158 987 2220 petitio
1012 2176 1099 2203 non
1122 2169 1213 2203 erat
1232 2158 1284 2203 de
1305 2158 1532 2205 charitate.

304 2225 402 2270 Hoc
420 2225 512 2287 ipsa
536 2227 690 2272 veritas
710 2227 872 2273 clamat
888 2265 899 2284 ‚
924 2246 1055 2291 quam
1081 2229 1178 2274 volo
1204 2228 1334 2273 modo
1358 2229 1528 2274 referre.

304 2295 416 2339 Nam
444 2298 656 2342 consensit
676 2298 933 2360 Imperator,
962 2299 1166 2362 misitqui
1192 2299 1386 2343 sederent
1410 2300 1566 2344 Romae

304 2364 582 2422 Sacerdotes,
610 2368 688 2430 qui
718 2379 823 2414 tunc
853 2381 1023 2433 possent
1049 2369 1334 2415 Caecilianum
1362 2386 1463 2414 cum
1495 2369 1570 2414 illo
1599 2387 1681 2416 au-

367 2434 476 2481 dire.

301 2505 428 2550 Dicta
457 2521 585 2550 causa
607 2517 694 2563 est,
722 2507 783 2552 nil
809 2510 1047 2572 probatum
1079 2521 1140 2556 est
1163 2527 1173 2555 z
1198 2525 1324 2555 ausus
1350 2519 1412 2554 est
1447 2520 1489 2555 et
1523 2511 1678 2574 appel-

366 2576 454 2622 lare
475 2595 486 2629 ;
