1894 3154
302 214 392 260 232
722 231 758 262 5.
800 230 1044 261 [meusium
1080 230 1284 261 m‘lscorl

297 297 472 341 miseros
495 295 668 359 decepit
699 307 748 342 ut
784 296 964 341 alteram
1002 296 1085 341 sibi
1119 296 1345 342 basilicam
1375 296 1668 343 fabricarent?

303 366 478 422 Quanta
512 366 618 413 dixit
651 368 704 413 de
721 367 915 427 justitia,
942 383 1024 429 pro
1051 383 1138 429 qua
1161 366 1258 412 talia
1285 367 1454 430 perpeti
1481 367 1669 413 meruit:

304 436 403 483 ideo
417 455 458 483 se
473 448 671 483 sanetum
688 436 969 501 persuadens,
988 437 1089 499 quia
1102 454 1252 499 passus
1265 448 1326 482 est
1340 457 1351 491 ;
1367 437 1464 483 ideo
1481 437 1576 483 illos
1587 437 1675 483 ini-

313 507 544 570 quissimos
559 546 569 562 ‚
595 508 697 571 quia
712 508 923 553 fecerunt.
951 507 986 549 T
990 506 1226 551 huscorum
1247 517 1531 570 tyrannorum
1551 524 1676 553 com-

305 588 575 625 memoratur
604 578 783 641 antiqua
813 574 1046 623 crudelitas
1065 575 1101 631 1,
1137 576 1214 639 qui
1237 586 1407 622 mortua
1436 577 1572 633 vivis,
1603 577 1676 623 sed

305 647 501 693 humana
528 648 735 693 humanis
764 663 948 709 corpora
985 646 1345 705 conjungebant:
1389 647 1541 692 canina
1577 664 1678 693 vero

304 716 527 773 humanis,
554 728 596 763 et
625 718 723 763 haee
748 715 1072 780 episcopalibus
1101 716 1333 773 membris,
1361 717 1503 763 nescio
1536 729 1685 763 utrum

305 787 535 850 quisquam
555 805 597 833 se
614 788 679 834 vel
698 787 866 833 audisse
883 802 1078 849 unquam
1095 786 1162 832 vel
1187 786 1334 846 legisse
1352 798 1678 835 commemorat.

310 858 472 903 Notum
502 868 564 903 est
602 858 830 912 omuibus,
870 873 1055 916 nugaces
1091 867 1132 901 et
1167 867 1313 919 turpes
1343 857 1590 903 saltationes
1632 859 1687 904 ab

310 928 525 991 episeopis
559 929 691 975 solere
731 927 984 990 compesci:
1013 927 1110 990 quis
1142 944 1334 990 unquam
1368 927 1594 984 meminit,
1631 929 1688 974 ab

310 997 565 1044 hominibus
580 1015 687 1062 quos
700 999 745 1044 in
765 998 969 1044 auxilium
987 997 1182 1060 episcopi
1201 997 1439 1060 petierunt,
1461 1015 1562 1044 eum
1580 998 1687 1061 epis-

312 1068 434 1130 copis
457 1085 543 1114 esse
566 1069 795 1114 saltatum
785 1071 804 1103 ἵ)
835 1070 900 1113 An
920 1067 1030 1112 forte
1051 1067 1222 1112 Salvius
1241 1077 1346 1112 tunc
1363 1084 1452 1112 non
1473 1078 1563 1113 erat
1580 1068 1689 1130 epis-

311 1154 465 1200 copus,
493 1138 596 1201 quia
613 1137 834 1183 damnatio
847 1140 937 1196 ejus
954 1137 998 1182 in
1019 1137 1264 1196 Bagaiensis
1283 1137 1459 1182 concilii
1481 1137 1690 1183 sententia

314 1208 548 1254 recitatur?
585 1207 734 1265 Quid,
771 1207 805 1253 si
841 1207 999 1269 etipse
1033 1217 1180 1269 postea
1204 1207 1555 1253 reconciliaretur
1590 1207 1691 1253 Pri-

311 1278 474 1333 miano,
495 1277 609 1322 sicut
631 1277 932 1322 reconciliatus
956 1286 1017 1321 est
1041 1277 1068 1319 F
1071 1276 1277 1322 elicianus
1292 1314 1302 1332 ,
1336 1276 1527 1336 ejusdem
1547 1298 1567 1318 «
1586 1277 1691 1322 Ple-

317 1347 428 1392 narii
464 1347 637 1393 concilii
668 1346 860 1393 veridico
881 1363 953 1391 ore
977 1368 996 1388 ›>
1022 1345 1254 1392 damnatus
1270 1384 1280 1402 ‚
1319 1347 1432 1392 sicut
1456 1347 1520 1392 ibi
1542 1364 1691 1393 eorum

316 1417 450 1463 verba
472 1417 726 1472 recitantur,
754 1427 859 1462 tunc
877 1428 983 1461 esset
997 1417 1258 1480 episcopus?
1285 1417 1351 1462 An
1370 1417 1478 1463 forte
1496 1421 1584 1477 jam
1604 1434 1692 1462 nou

316 1487 633 1544 admitteretur,
657 1487 761 1550 quia
781 1486 1052 1546 sacrilegium
1071 1487 1314 1532 schismatis
1345 1504 1473 1551 quem
1495 1488 1692 1551 coinqui-

317 1559 502 1615 naverit,
530 1569 672 1622 potest
697 1558 919 1614 mundari,
940 1559 1053 1604 sicut
1074 1558 1336 1611 Felicianus3
1360 1575 1489 1622 quem
1512 1576 1614 1605 vero
1626 1576 1696 1604 ca-

316 1646 389 1674 nes
413 1628 573 1674 mortui
586 1628 700 1674 collo
723 1628 922 1692 suspensi
940 1627 1217 1674 immundum
1233 1627 1429 1684 fecerint,
1447 1646 1535 1674 non
1552 1639 1696 1692 potest

317 1700 508 1763 expiari?
525 1699 688 1744 Vellem
713 1700 820 1745 scire
834 1698 941 1762 quid
961 1699 1128 1745 adhaec
1150 1699 1321 1750 dicunt,
1346 1710 1431 1744 tam
1451 1699 1691 1754 manifesta,

322 1782 410 1816 tam
436 1770 638 1834 publica,
663 1781 750 1816 tam
774 1770 962 1816 recentia
990 1771 1064 1833 qui
1085 1771 1213 1816 nohis
1236 1771 1433 1834 antiquas
1456 1771 1697 1816 calumnias

321 1858 418 1887 suas
440 1841 564 1904 quasi
586 1841 768 1886 crimina
792 1851 937 1886 nostra
957 1841 1189 1900 objiciunt.
1224 1841 1431 1904 Quisquis
1449 1858 1598 1886 eorum
1625 1859 1697 1887 ar-

318 1913 508 1958 bitratur
524 1928 591 1956 me
608 1910 713 1956 falsa
727 1915 909 1970 jactare,
929 1910 1037 1974 quid
1058 1928 1260 1970 magnum
1277 1921 1354 1965 est,
1375 1911 1482 1974 quid
1501 1911 1692 1966 difficile,

321 1993 370 2029 ut
387 1982 542 2028 animae
559 1998 649 2026 suae
672 1997 822 2026 curam
848 1997 995 2040 gerens
1018 1991 1168 2043 pergat
1198 1980 1503 2036 Membresam,
1528 1991 1697 2043 quaerat

323 2071 376 2100 an
399 2052 511 2098 facta
534 2052 620 2097 sint
642 2052 743 2107 ista,
784 2062 824 2096 et
851 2050 1070 2106 defendat,
1102 2052 1135 2096 si
1161 2054 1329 2114 potest)
1363 2051 1407 2096 Si
1445 2051 1557 2096 enim
1591 2051 1698 2097 dicit

316 2123 396 2170 ista
422 2133 535 2168 recte
569 2121 854 2167 schismaticis
873 2122 982 2176 fieri,
1024 2138 1132 2183 quos
1173 2121 1350 2166 trecenti
1377 2131 1417 2166 et
1440 2120 1589 2166 decem
1610 2122 1698 2167 Do-

320 2195 491 2240 natistae
523 2192 717 2255 episcopi
740 2191 1080 2244 damnaverunt3
1111 2209 1195 2236 non
1224 2203 1497 2236 murmurent
1521 2191 1698 2255 quando

323 2264 466 2326 aliqua
491 2263 742 2326 patiuntur,
773 2262 973 2324 quamvis
1006 2262 1117 2324 passi
1145 2261 1257 2316 sint,
1301 2278 1410 2325 qnos
1435 2262 1492 2306 ab
1536 2262 1699 2307 unitate

326 2333 491 2378 Christi
512 2332 698 2377 schisma
721 2331 867 2376 fecisse
889 2348 977 2376 non
1016 2341 1304 2376 trecentorum
1341 2341 1383 2375 et
1415 2331 1563 2376 decem
1584 2368 1594 2386 ‚
1625 2331 1698 2376 sed

330 2404 459 2449 totius
482 2403 600 2448 orbis
621 2403 877 2447 auctoritate
896 2402 1209 2447 convincimus.
1236 2401 1278 2446 Si
1299 2412 1438 2446 autem
1465 2401 1573 2447 dicit
1589 2401 1699 2447 levia

329 2492 416 2521 esse
448 2491 547 2537 qnae
575 2491 724 2536 passus
743 2484 803 2519 est
832 2473 1027 2531 Salvius,
1069 2490 1219 2536 qutero
1245 2483 1408 2528 utrum,
1450 2473 1481 2517 si
1514 2472 1699 2536 aliquem

324 2545 652 2593 Donatistarum
677 2545 983 2608 episcoporum
1010 2544 1163 2590 saltare
1188 2554 1357 2604 cogeret
1379 2544 1623 2606 Imperator
1660 2554 1701 2588 et

373 2624 382 2646 ¹
403 2622 517 2664 virgil.
537 2620 659 2653 AEneitl.
681 2632 754 2654 xxti.
