1894 3154
359 255 374 285 1
386 238 445 285 50
783 251 817 281 s,
861 249 1102 280 AUGUSTINI
1137 249 1341 280 EPIScorl

354 319 553 384 aspidum
570 355 581 375 ,
607 330 791 381 quorum
818 316 957 361 multo
983 326 1081 361 ante
1100 313 1380 360 meminerat1
1399 313 1587 360 dictator
1611 313 1727 359 illius

352 390 574 437 sententiae
596 387 780 451 plenarii
802 386 971 431 consilii
1002 396 1289 431 trecentorum
1321 384 1466 430 decem
1483 422 1493 440 ‚
1528 384 1726 447 quicum

351 460 559 508 universis
586 457 822 521 provinciis
854 455 1014 501 Africae
1048 457 1370 500 convenerunt?
1414 455 1510 499 Hoc
1543 464 1657 499 certe
1693 454 1727 499 si

348 533 510 577 viveret
531 527 844 573 parmenianus
860 563 870 580 ‚
893 542 981 569 non
1000 525 1161 570 diceret
1178 561 1187 579 ‚
1211 541 1292 569 nec
1312 542 1358 569 ex
1380 525 1488 569 Isaia
1508 523 1727 586 propheta

346 610 529 665 poneret
566 597 794 642 adversum
832 613 908 640 nos
935 613 1005 639 :-(‹
1033 595 1129 640 Ova
1164 594 1382 657 aspidium
1417 604 1667 657 eruperunt.
1704 613 1724 634 η

346 671 599 733 Respiceret
616 667 729 711 enirn
749 665 1004 725 adjunctum
1022 665 1202 725 collegio
1228 682 1304 710 suo
1323 666 1352 708 F
1356 663 1587 709 elicianum
1608 665 1724 708 Mus-

348 741 533 786 titanum
572 748 613 782 et
641 738 954 782 Praetextatum
987 735 1313 785 Assuritanum;
1338 751 1448 798 quos
1476 751 1523 778 ex
1541 750 1724 778 numero

346 810 654 856 damnatorum
680 806 806 869 quasi
828 805 945 850 bono
965 805 1086 868 pacis
1103 842 1113 860 ,
1144 821 1232 849 non
1255 815 1402 848 tamen
1431 802 1622 856 Christi,
1650 801 1724 847 sed

344 879 524 933 Donati,
544 876 663 923 velut
683 875 870 934 integros
889 874 1030 920 denuo
1051 884 1327 937 receperunt,
1349 873 1426 936 qui
1446 882 1488 917 et
1505 881 1627 917 erant
1643 887 1723 932 ova

344 948 546 1012 aspidum
566 984 576 1002 ‚
598 957 639 990 et
663 955 908 1008 eruperant.
937 944 1008 989 Sic
1033 945 1147 989 enim
1168 961 1237 989 eos
1267 943 1522 988 describunt
1544 941 1725 986 trecenti

343 1019 491 1065 decem
515 1016 702 1080 plenarii
727 1015 895 1060 consilii
922 1032 992 1060 ore
1019 1015 1236 1070 veridico,
1276 1015 1387 1059 sicut
1420 1029 1568 1058 eorum
1595 1012 1723 1056 etiam

342 1087 731 1153 proconsularibus
752 1086 893 1130 Gestis
919 1085 1096 1145 allegata
1114 1096 1336 1130 testantur.
1357 1085 1466 1129 Haec
1483 1093 1600 1128 certe
1621 1099 1723 1127 con-

342 1160 431 1205 cilii
463 1174 614 1203 eorum
644 1156 777 1201 verba
812 1166 912 1200 sunt
949 1173 959 1199 ε
997 1177 1017 1196 «
1044 1156 1166 1200 Licet
1203 1156 1315 1200 enim
1351 1153 1513 1216 viperei
1553 1152 1723 1197 seminis

340 1229 487 1275 noxios
505 1237 657 1291 partus
679 1225 874 1270 venenati
898 1225 1008 1270 u⁴teri
1027 1225 1146 1270 alvus
1167 1224 1243 1270 diu
1263 1224 1437 1277 texerit,
1459 1233 1501 1267 et
1519 1222 1723 1284 concepti

341 1299 511 1346 sceleris
538 1297 623 1342 uda
648 1295 830 1354 coagula
848 1296 892 1340 in
916 1295 1117 1358 aspidum
1140 1295 1339 1340 membra
1368 1293 1490 1338 tardo
1515 1309 1556 1336 se
1579 1292 1722 1337 calore

338 1367 674 1432 vaporaverint3
714 1375 854 1410 tamen
880 1377 1144 1429 conceptum
1174 1365 1291 1410 virus
1320 1372 1596 1409 evanescente
1620 1379 1744 1407 um--

339 1437 520 1483 braculo
541 1435 670 1481 celari
694 1452 782 1479 non
806 1436 951 1497 potuit
981 1453 990 1479 ε
1023 1433 1124 1480 nani
1150 1435 1225 1479 etsi
1246 1452 1337 1480 sero
1354 1471 1364 1485 ,
1392 1432 1623 1496 publicum
1650 1432 1721 1477 fa-

339 1509 462 1553 cinus
474 1518 514 1552 et
527 1505 813 1570 parricidium
829 1522 954 1549 suum
967 1504 1072 1550 foeta
1086 1504 1292 1550 scelerum
1305 1514 1405 1550 vota
1417 1513 1720 1566 pepererunt.»

339 1580 447 1625 Haec
471 1594 552 1622 ova
574 1575 776 1638 aspidum
803 1587 1064 1637 eruperant,
1094 1579 1278 1638 jamque
1299 1574 1531 1620 horribilia
1556 1583 1598 1617 et
1624 1590 1720 1617 ma-

337 1646 537 1693 leolentia
557 1662 659 1691 culn
682 1645 903 1689 venenosis
924 1644 1107 1689 foetibus
1126 1655 1247 1689 erant
1271 1645 1326 1689 ab
1349 1660 1499 1689 eorum
1517 1659 1720 1687 commu-

337 1718 465 1762 nione
493 1719 705 1779 projecta.
743 1713 827 1759 Sed
852 1726 943 1759 erat
972 1715 1089 1759 intus
1127 1715 1319 1777 Optatus
1351 1713 1577 1759 basiliscus
1595 1749 1606 1768 ,
1640 1713 1717 1775 qui

336 1798 449 1831 nutu
466 1785 659 1849 quodam
672 1784 802 1844 regali
819 1821 828 1839 ,
851 1801 939 1847 quo
956 1785 1068 1829 inter
1087 1796 1303 1848 serpentes
1316 1784 1516 1830 excellere
1533 1783 1713 1839 dicitur,

336 1857 465 1901 etiam
489 1859 703 1918 projectas
733 1854 902 1916 aspides
932 1865 1167 1900 revocaret.
1208 1857 1295 1900 Aut
1325 1856 1359 1899 si
1387 1855 1485 1899 haec
1505 1871 1586 1917 pro
1609 1870 1719 1917 pace

335 1944 424 1972 non
448 1926 611 1970 obsunt
629 1962 639 1982 ,
677 1924 785 1987 quid
817 1925 1047 1969 catholicis
1076 1925 1294 1984 objiciunt
1317 1941 1426 1988 quos
1461 1925 1717 1969 convincere

334 1997 646 2061 nequiverunt,
673 2011 772 2040 cum
795 1995 881 2058 ipsi
901 1996 1143 2058 receperint
1162 2012 1270 2058 quos
1296 2013 1368 2040 ore
1386 1996 1568 2058 proprio
1595 1995 1717 2040 dam-

335 2069 576 2113 naverunt?
598 2066 646 2111 Si
668 2066 768 2111 haec
799 2083 879 2129 pro
899 2084 1008 2129 pace
1032 2083 1121 2111 non
1151 2069 1312 2112 obsunt
1337 2066 1524 2120 Christi,
1556 2066 1717 2111 obsunt

336 2149 481 2183 tamen
497 2154 578 2200 pro
601 2153 711 2199 pace
731 2138 919 2191 Donati,
949 2137 1020 2182 cui
1039 2137 1228 2182 multum
1252 2137 1420 2182 favetur
1437 2137 1482 2182 in
1508 2137 1715 2196 injuriam

334 2210 455 2273 pacis
477 2208 640 2252 Christi
662 2244 673 2264 ,
702 2224 784 2269 pro
808 2224 897 2270 quo
924 2208 1145 2267 sacrilegio
1164 2208 1382 2271 quidquid
1409 2208 1714 2271 corporalibus

332 2277 537 2324 molestiis
561 2278 812 2340 patiuntur,
845 2278 1082 2323 admonitio
1111 2279 1190 2322 Dei
1215 2289 1275 2323 est
1302 2278 1506 2323 cavendae
1527 2278 1713 2323 damna—

333 2350 461 2394 tionis
485 2359 672 2393 aetern‘ee.
711 2349 746 2392 N
755 2365 822 2392 am
842 2348 926 2411 ipsi
947 2365 1044 2394 vere
1063 2349 1313 2407 sanguinein
1342 2365 1430 2392 non
1455 2347 1593 2392 solum
1612 2364 1714 2392 cor-

380 2455 390 2475 ¹
406 2455 495 2484 MSS.
515 2453 655 2482 dictator
679 2452 733 2482 ille
760 2454 942 2483 sententice.
971 2455 1059 2483 Hauc
1078 2452 1110 2483 in
1124 2452 1294 2493 Bagaitano
1314 2451 1550 2482 Donatistarum
1569 2452 1703 2484 concilio

332 2523 441 2555 comm
463 2505 713 2538 Maximianistas
735 2506 861 2536 dictavit
886 2507 1041 2536 Emeritus
1058 2505 1256 2536 Caesariensis
1271 2505 1304 2535 in
1325 2505 1519 2536 Mauritania
1534 2507 1712 2554 episcopus,

334 2581 371 2607 ut
389 2568 483 2603 refert
504 2561 698 2604 Augustinus
711 2561 744 2589 iu
764 2558 845 2589 libro
863 2559 902 2590 de
921 2559 1026 2590 Gestis
1039 2569 1112 2592 cum
1127 2557 1279 2590 Emerito.
