1894 3154
343 209 433 269 392
763 219 796 248 S.
840 217 1084 249 Atousrmt
1120 215 1323 249 EPlscom

341 287 448 333 dicit
466 304 475 331 :
495 307 513 327 α
534 286 647 331 Ecce
665 284 718 330 ad
735 283 878 348 qualia
893 283 1082 330 Ecclesia
1098 284 1267 344 cogitur
1285 285 1543 342 consentire,
1571 297 1613 332 et
1626 287 1715 335 sine

339 359 558 422 baptismo
572 367 613 401 et
626 356 746 401 venia
763 355 1019 400 delictorum
1040 355 1360 401 communicare
1376 357 1673 420 compellitur:
1694 379 1714 401 »

338 431 420 493 nisi
440 426 731 474 essentcaeteri
754 425 947 488 episcopi
974 426 1050 489 qui
1075 425 1177 471 alios
1197 426 1250 470 ad
1271 426 1351 471 ista
1387 427 1712 490 compellerent,

337 519 425 547 non
443 499 590 561 utique
610 498 707 542 haec
721 496 896 541 diceret.
921 495 1044 540 Unde
1064 495 1194 540 etiam
1212 496 1468 552 ostenditur,
1498 497 1592 543 illos
1611 508 1718 543 tunc

337 572 504 619 veriora
526 566 717 620 sensisse,
740 565 816 627 qui
834 581 922 609 non
940 575 1202 609 recesserunt
1221 583 1242 609 a
1269 566 1450 628 pristina
1479 578 1717 613 consuetu-

338 642 454 695 dine,
483 655 583 702 quee
607 647 754 699 postea
777 634 951 680 concilii
979 635 1257 681 universitate
1283 637 1453 682 firmata
1478 648 1553 684 est.
1597 638 1717 695 Quid

336 722 398 758 est
424 721 564 755 autem
583 706 701 771 quod
720 705 917 765 adjungit
941 717 982 751 et
1005 705 1113 751 dicit
1137 723 1146 750 ε
1174 726 1196 747 «
1232 707 1374 762 Quam
1401 725 1510 763 rem,
1539 708 1713 765 fratres,

337 783 483 841 fugere
500 797 547 825 ac
566 779 675 823 vitas
695 776 920 831 debemus,
943 787 982 822 et
1003 795 1023 821 a
1048 788 1168 821 tanto
1189 778 1344 823 scelere
1356 795 1434 823 nos
1450 783 1676 841 separare?
1698 801 1718 821 »

341 853 387 899 Si
412 851 525 897 euim
549 850 635 894 hoc
656 848 714 893 ita
751 847 873 902 dicit,
905 857 952 892 ut
989 847 1068 892 ista
1098 865 1186 893 non
1211 849 1342 893 faciat
1365 866 1442 893 nec
1470 850 1687 912 approbet
1704 886 1715 905 ,

339 923 421 969 alia
439 939 502 966 res
529 929 616 965 cst:
644 918 676 962 si
702 929 844 962 autem
876 928 922 962 ut
946 917 1111 962 diversa
1133 919 1358 963 sentientes
1397 918 1573 964 damnet
1592 929 1633 964 et
1652 936 1718 965 se·

339 1001 506 1052 greget,
540 987 761 1052 prioribus
796 987 951 1032 resistit
978 988 1120 1033 verbis
1157 988 1398 1051 Cypriani,
1428 990 1588 1051 quibus
1621 989 1717 1034 ait:

342 1085 359 1104 a
384 1061 609 1106 'Neminem
627 1057 893 1117 judicantes,
929 1069 1002 1103 aut
1031 1076 1052 1103 a
1075 1062 1172 1117 jure
1195 1059 1517 1104 communionis
1536 1059 1721 1123 aliquem

341 1133 374 1178 si
401 1131 616 1176 diversum
643 1127 819 1172 senserit
841 1138 1097 1174 amoventes,

407 1202 533 1247 XIII.
571 1198 780 1242 «Primus
808 1197 922 1242 Felix
949 1215 971 1241 a
996 1198 1187 1261 Migirpa
1221 1197 1326 1243 dixit
1349 1216 1358 1243 :
1391 1199 1594 1245 «Censeo
1624 1217 1724 1245 om-

342 1291 441 1318 nem
468 1270 692 1316 hominem
714 1268 770 1312 ab
791 1267 945 1312 haeresi
969 1268 1209 1313 venientem
1232 1269 1564 1331 baptizandum.
1592 1270 1725 1316 Frus-

346 1355 410 1389 tra
448 1342 563 1387 enim
600 1339 689 1384 illic
724 1348 854 1401 putat
884 1355 924 1382 se
966 1356 1051 1383 esse
1085 1338 1383 1400 baptizatum,
1422 1356 1522 1384 cum
1558 1357 1643 1385 non
1673 1341 1726 1386 sit

344 1415 562 1477 baptisma
583 1448 593 1467 ,
632 1409 713 1454 nisi
744 1409 788 1454 in
823 1408 1040 1465 Ecclesia,
1077 1426 1213 1454 unum
1246 1420 1287 1454 et
1315 1427 1465 1455 verum
1499 1428 1509 1454 ε
1545 1412 1648 1474 quia
1684 1422 1726 1457 et

344 1484 561 1530 Dominus
581 1497 714 1536 unus,
733 1490 774 1524 et
796 1478 901 1523 fides
921 1497 1005 1524 una
1022 1516 1032 1535 ,
1064 1489 1104 1524 et
1132 1496 1216 1525 una
1252 1480 1443 1525 Ecclesia
1463 1491 1524 1525 est
1539 1518 1550 1536 ,
1571 1481 1615 1525 in
1638 1498 1727 1546 qua

345 1566 428 1602 stat
453 1570 587 1599 unum
609 1550 828 1614 baptisma
849 1587 858 1605 ‚
887 1560 927 1594 et
957 1550 1187 1604 sanctitas,
1223 1556 1450 1597 etcaetera.
1488 1552 1600 1596 Nam
1628 1568 1728 1614 quae

345 1626 447 1671 foris
470 1633 719 1670 exercentur
735 1659 745 1676 ,
767 1620 938 1665 nullum
959 1620 1124 1665 habent
1141 1620 1290 1665 salutis
1307 1622 1523 1667 effectum.
1552 1621 1600 1682 n)

413 1695 530 1741 XIV.
561 1693 627 1739 Ad
649 1711 696 1737 ea
718 1708 817 1754 quae
842 1691 953 1736 Felix
973 1710 995 1735 a
1016 1691 1204 1754 Migirpa
1226 1690 1358 1747 dixit,
1385 1692 1482 1737 haec
1504 1691 1692 1737 dicimus
1713 1710 1724 1737 z

350 1767 395 1812 Si
420 1783 508 1811 non
528 1774 632 1809 esset
657 1762 879 1826 baptisma
903 1778 1039 1806 unum
1065 1772 1105 1806 et
1124 1778 1273 1807 verum
1306 1762 1387 1807 nisi
1421 1763 1466 1807 in
1505 1762 1695 1808 Ecclesia
1713 1799 1724 1819 ,

349 1855 438 1883 non
464 1837 614 1898 utique
646 1844 752 1879 esset
783 1833 828 1878 in
861 1833 945 1877 eis.
984 1832 1061 1896 qui
1098 1833 1153 1878 ab
1189 1833 1354 1878 unitate
1379 1832 1623 1880 discedunt.
1656 1835 1731 1878 Est

351 1918 493 1953 autem
518 1907 562 1950 in
590 1906 671 1957 eis3
698 1922 799 1948 nam
830 1903 873 1947 id
899 1921 987 1948 non
1025 1903 1244 1965 recipiunt
1279 1903 1503 1950 redeuntes
1520 1941 1531 1960 ,
1558 1921 1646 1949 non
1671 1905 1729 1949 ob

352 1977 469 2023 aliud
506 1976 586 2020 nisi
625 1975 726 2037 quia
762 1990 850 2018 non
887 1972 1117 2017 amiserant
1139 1972 1394 2019 recedentes.
1428 1974 1560 2029 Quod
1585 1984 1730 2019 autem

353 2048 413 2093 ait
435 2065 445 2092 :
473 2069 492 2087 <‹
516 2048 624 2090 Nam
654 2061 753 2107 quae
779 2043 881 2088 foris
900 2053 1171 2099 exercentur,
1198 2042 1366 2088 nullum
1398 2042 1564 2088 habent
1581 2044 1731 2089 salutis

353 2120 552 2165 effectum
575 2134 584 2160 ε
608 2138 627 2156 »
650 2114 889 2165 consentio,
915 2124 956 2158 et
972 2113 1150 2158 omnino
1164 2129 1316 2159 verum
1335 2130 1420 2158 esse
1436 2113 1579 2159 credo.
1599 2113 1732 2160 Aliud

354 2200 415 2235 est
431 2189 544 2233 enim
570 2203 657 2231 non
676 2186 739 2230 ibi
757 2202 843 2230 esse
859 2222 868 2240 ,
900 2183 1015 2229 aliud
1041 2183 1211 2228 nullum
1237 2183 1400 2228 habere
1423 2183 1572 2229 salutis
1601 2186 1731 2230 effec—

358 2272 462 2306 tum.
496 2257 781 2304 Venientibus
818 2256 931 2301 enim
965 2254 1020 2300 ad
1052 2254 1314 2300 catholicam
1343 2271 1495 2319 pacem
1532 2255 1733 2318 prodesse

356 2331 575 2394 incipiunt
598 2345 697 2392 quae
722 2327 824 2373 foris
848 2328 1017 2373 inerant
1038 2363 1048 2382 ,
1076 2325 1149 2371 sed
1173 2343 1261 2370 non
1282 2325 1531 2390 proderant.

421 2401 514 2447 RV.
552 2399 801 2462 Polycarpo
835 2409 978 2443 autem
1016 2396 1326 2452 Adrumetino,
1360 2396 1566 2459 quoniam
1588 2394 1728 2440 dixit&

359 2494 378 2513 α
401 2471 488 2528 Qui
515 2470 822 2515 haereticorum
857 2468 1127 2532 baptismum
1167 2466 1384 2531 probant,
1413 2477 1607 2512 nostrum
1631 2482 1733 2511 eva-

360 2552 491 2588 cuant
515 2558 524 2585 :
552 2563 571 2582 »
596 2539 902 2602 respondemus
926 2556 935 2584 :
963 2539 1008 2585 Si
1032 2538 1340 2585 haereticorum
1368 2547 1429 2583 est
1455 2536 1698 2600 baptismus
1715 2571 1727 2593 ,
