1894 3154
343 235 437 282 338
763 245 798 276 s,
840 243 1084 288 Auousrmr
1119 243 1323 284 Er1sco1³1

341 333 432 362 non
447 331 524 361 nos
548 311 731 369 seducit,
759 312 835 375 qui
853 328 933 357 nec
955 321 1084 368 tacet,
1113 328 1193 358 nec
1211 309 1372 374 parcit,
1399 327 1478 366 nec
1497 311 1586 359 ulla
1604 313 1716 364 adu-

336 385 503 437 latione
526 402 604 431 nos
624 382 802 447 decipit.
829 381 934 427 Ideo
953 382 1120 446 quippe
1142 392 1183 427 et
1205 381 1308 427 alibi
1325 381 1433 428 dicit
1455 400 1466 428 :
1495 383 1626 429 «Hoc
1647 401 1719 442 au-

341 461 370 498 >5
385 467 469 502 tem
494 456 644 502 scitote
661 492 673 512 ,
717 464 1021 514 cognoscentes
1053 453 1260 517 quoniam
1293 453 1431 499 omnis
1453 453 1715 515 fornicator,

339 548 363 571 »
383 538 458 574 aut
480 525 750 585 immundus,
776 534 850 570 aut
871 540 1040 577 avarus,
1064 523 1181 586 quod
1201 524 1494 570 estidolorum
1517 526 1715 582 servitus,

339 619 363 641 >2
384 615 472 643 non
498 597 635 642 babet
657 593 958 641 haereditatem
982 593 1027 639 in
1050 610 1183 652 regno
1203 594 1368 639 Christi
1393 605 1435 640 et
1451 596 1532 644 Dei
1555 613 1565 640 ε
1592 613 1720 642 nemo

336 687 360 709 »
381 683 456 712 vos
484 665 661 711 seducat
690 664 896 710 inanibus
924 663 1068 709 verbis
1087 662 1121 708 1.
1143 684 1164 704 >2
1191 664 1292 709 Non
1315 675 1376 710 est
1394 682 1493 725 ergo
1518 666 1637 730 quod
1666 665 1719 712 de

337 753 535 782 sermone
558 735 639 781 Dei
676 750 1009 798 conqueramur.
1043 733 1162 779 Dicit
1186 734 1363 780 omnino
1381 773 1393 791 ‚
1421 746 1463 781 et
1498 747 1645 800 aperte
1668 753 1718 782 ac

335 806 471 854 libere
504 806 612 853 dicit
630 843 641 865 ‚
679 824 749 853 eos
779 806 856 870 qui
879 804 988 851 male
1009 804 1191 862 vivunt,
1227 805 1283 856 ad
1306 823 1489 868 regnum
1524 809 1602 854 Dei
1626 825 1717 854 non

339 889 570 942 pertinere.

401 949 563 997 XXVI.
594 949 673 995 His
702 947 835 1008 igitur
862 948 1067 994 omnibus
1092 947 1206 999 vitiis,
1236 948 1527 1014 circumsepto
1555 949 1719 997 catho-

333 1019 421 1066 lico
458 1037 547 1066 non
571 1019 798 1065 adulemur
821 1056 832 1075 ,
859 1035 938 1064 nec
968 1018 1007 1064 ei
1040 1018 1142 1082 quia
1167 1019 1442 1070 Christianus
1473 1020 1718 1067 catholicus

332 1101 411 1148 est,
437 1091 746 1154 impunitatem
769 1106 902 1152 quam
933 1089 1163 1152 Scriptura
1186 1089 1335 1137 divina
1357 1107 1446 1135 non
1460 1091 1680 1153 promittit
1701 1127 1712 1147 ,

331 1162 582 1229 promittere
609 1161 843 1207 audeamus
864 1178 874 1204 :
904 1177 983 1205 nec
1007 1160 1042 1206 si
1063 1160 1229 1224 aliquid
1254 1177 1392 1208 unum
1413 1161 1576 1207 habeat
1601 1178 1648 1213 ex
1668 1161 1720 1206 iis

331 1250 432 1297 quae
463 1232 580 1287 dicta
606 1242 735 1287 sunt,
767 1231 978 1276 debemus
1014 1231 1052 1276 ei
1085 1231 1335 1277 societatem
1369 1248 1570 1294 supernae
1605 1230 1720 1276 illius

332 1303 488 1367 patriae
513 1302 726 1365 polliceri.
759 1300 828 1346 Ad
849 1300 1103 1346 Corinthios
1123 1300 1237 1345 enim
1261 1300 1430 1360 singula
1453 1311 1679 1350 enumerat
1703 1337 1715 1357 ‚

335 1374 380 1418 in
403 1373 565 1438 quibus
605 1371 783 1432 singulis
807 1370 1072 1416 subauditur
1095 1409 1105 1427 ‚
1146 1371 1267 1435 quod
1295 1388 1475 1431 regnum
1511 1372 1590 1416 Dei
1628 1388 1717 1420 non

331 1443 647 1508 possidebunt:
673 1464 693 1483 ‹<
716 1442 875 1497 Nolite,
902 1442 1063 1504 inquit,
1081 1459 1239 1497 errare,
1257 1459 1397 1505 neque
1415 1441 1714 1498 fornicatores‚

332 1536 352 1555 »
374 1531 514 1577 neque
533 1512 661 1558 idolis
686 1512 931 1564 servientes,
955 1528 1094 1575 neque
1119 1511 1334 1567 adulteri,
1365 1529 1505 1574 neque
1538 1513 1686 1564 molles
1704 1549 1715 1568 ,

332 1606 353 1626 >³
370 1601 510 1648 neque
541 1583 835 1629 masculorum
859 1583 1167 1628 concubitores
1185 1619 1195 1634 ,
1237 1599 1378 1645 neque
1407 1582 1521 1627 fures
1540 1620 1552 1638 ,
1584 1599 1720 1646 nsque

335 1677 356 1697 »
376 1655 511 1712 avari,
534 1672 674 1720 neque
691 1654 865 1709 ebriosi,
890 1670 1030 1717 neque
1042 1653 1260 1709 maledici,
1280 1670 1420 1717 neque
1434 1670 1610 1716 rapaces
1627 1671 1720 1713 reg-

329 1749 352 1771 »
375 1743 482 1773 num
507 1726 589 1771 Dei
623 1725 911 1789 possidebunt
925 1725 958 1771 2.
983 1749 1002 1765 υ
1038 1726 1139 1770 Non
1159 1724 1237 1780 ait,
1265 1724 1342 1787 qui
1363 1724 1460 1770 haec
1487 1725 1632 1771 omnia
1650 1725 1720 1772 Vi—

330 1798 392 1844 tia
415 1796 543 1843 simul
571 1796 839 1851 habuerint,
868 1812 1046 1855 regnum
1078 1794 1158 1839 Dei
1190 1811 1278 1840 non
1299 1794 1617 1858 possidebunt:
1645 1794 1719 1848 sed

331 1884 473 1932 neque
496 1867 578 1922 illi,
602 1883 740 1929 neque
759 1865 822 1910 illi
842 1885 852 1919 3
883 1875 932 1910 ut
951 1866 997 1910 in
1025 1864 1203 1924 singulis
1219 1864 1307 1910 hoc
1327 1864 1581 1919 subaudias,
1599 1864 1720 1928 quod

330 1936 443 1984 nulli
462 1953 614 1982 eorum
638 1952 821 1996 regnum
852 1934 932 1978 Dei
956 1934 1258 1997 possidebunt.
1291 1934 1416 1980 Sicut
1443 1952 1543 1995 ergo
1573 1935 1719 1980 haere-

330 2009 409 2054 tici
425 2023 606 2067 regnum
627 2005 710 2050 Dei
734 2022 823 2050 non
861 2002 1175 2067 possidebunt3
1197 2003 1257 2048 sic
1286 2004 1405 2049 avari
1435 2020 1616 2064 regnum
1640 2003 1719 2048 Dei

329 2096 419 2125 non
438 2075 739 2141 possidebunt.
765 2075 855 2120 Nec
880 2072 1177 2118 dubitandum
1202 2084 1263 2118 est
1284 2073 1462 2136 quidem
1489 2074 1604 2137 ipsas
1622 2090 1718 2136 poe-

329 2166 407 2196 nas
426 2185 437 2204 ,
464 2146 626 2211 quibus
656 2144 975 2190 cruciabuntur
997 2144 1071 2207 qui
1097 2161 1277 2203 regnum
1310 2144 1389 2189 Dei
1411 2161 1499 2189 non
1521 2143 1718 2207 posside-

330 2220 462 2273 bunt,
486 2233 568 2279 pro
588 2215 833 2261 diversitate
857 2214 1088 2260 criminum
1105 2231 1191 2259 esse
1213 2213 1419 2270 diversas,
1443 2225 1485 2259 et
1509 2214 1609 2259 alias
1628 2213 1719 2258 aliis

335 2288 538 2343 acriores,
563 2297 610 2332 ut
630 2286 676 2331 in
700 2286 795 2349 ipso
819 2285 916 2346 igne
941 2296 1102 2331 aeterno
1126 2302 1208 2348 pro
1233 2284 1484 2349 disparibus
1503 2284 1716 2348 ponderi-

331 2359 417 2404 bus
439 2367 719 2421 peccatorum
741 2356 827 2401 sint
851 2356 1044 2420 disparia
1065 2366 1279 2401 tormenta
1299 2372 1547 2418 poenarum.
1569 2354 1718 2418 Neque

334 2429 449 2477 enim
470 2428 629 2474 frustra
651 2428 741 2492 ipse
766 2427 980 2473 Dominus
998 2427 1106 2472 dicit
1127 2444 1138 2471 :
1161 2448 1181 2468 α
1203 2426 1491 2472 Tolerabilius
1525 2425 1606 2471 erit
1631 2425 1716 2470 So-

333 2524 355 2545 »
375 2499 516 2547 domis
537 2516 671 2563 quam
695 2499 819 2546 vobis
833 2499 879 2544 in
902 2498 972 2544 die
985 2498 1145 2559 judicii
1167 2497 1200 2545 3.
1229 2519 1250 2539 >2
1273 2496 1358 2546 Sed
1376 2508 1522 2545 tamen
1545 2496 1601 2548 ad
1627 2512 1718 2548 non

381 2587 392 2610 ¹
410 2584 528 2629 Ephes.
546 2595 576 2624 v,
600 2585 631 2620 5,
650 2583 723 2609 —2
741 2595 754 2616 1
772 2586 846 2618 Cor.
861 2597 908 2624 vx,
929 2597 961 2626 9.
981 2602 1026 2610 —
1046 2582 1061 2608 3
1079 2582 1197 2618 Maith.
1213 2594 1259 2624 xx,
1280 2589 1337 2631 24.
