1894 3154
573 257 629 287 DE
667 254 922 294 TRINITATE,
960 254 1047 285 Lm.
1091 254 1162 285 xv.
1475 237 1562 285 103

186 323 323 370 cernit
345 323 635 385 discernitque
671 320 747 384 qui
774 330 927 383 potest.
963 319 1150 365 Potuisti
1184 329 1226 363 et
1270 329 1334 373 tu,
1362 318 1563 382 quamvis

189 412 273 440 non
297 395 489 457 potueris
526 409 664 456 neque
695 391 834 454 possis
856 390 1068 453 explicare
1115 388 1344 434 sufficienti
1369 388 1562 451 eloquio,

190 463 309 527 quod
344 464 456 509 inter
477 462 630 508 nubila
653 461 988 507 similitudinum
1022 458 1339 522 corporalium,
1362 474 1464 521 quae
1488 474 1569 502 co-

190 533 469 594 gitationibus
482 532 685 578 humanis
708 548 934 576 occursare
952 547 1039 575 non
1064 530 1285 581 desinunt,
1308 528 1377 573 vix
1396 527 1556 573 vidisti.

192 604 277 650 Sed
309 603 467 649 illalux
491 620 590 667 quae
614 619 703 648 non
730 613 792 647 est
825 601 946 664 quod
982 611 1054 653 tu,
1082 611 1123 645 et
1140 600 1227 644 hoc
1259 598 1337 643 tibi
1361 596 1565 653 ostendit,

193 673 312 720 aliud
343 691 428 719 esse
460 674 555 719 illas
582 674 860 735 incorporeas
897 671 1201 716 similitudines
1235 684 1502 731 corporum,
1527 677 1571 712 et

193 744 311 791 aliud
330 762 415 790 esse
431 761 599 799 verum,
623 744 742 806 quod
759 744 818 788 eis
832 743 1077 806 reprobatis
1094 740 1376 799 intelligentia
1397 748 1573 784 contue-

192 832 325 860 mur:
347 815 445 860 haec
464 825 505 859 et
533 813 612 858 alia
641 813 839 858 similiter
867 823 984 857 certa
1010 811 1148 857 oculis
1178 809 1264 855 tuis
1296 808 1574 854 interioribus

194 883 267 930 lux
284 883 357 929 illa
377 884 643 929 monstravit.
674 883 786 938 Quae
803 883 936 941 igitur
959 899 1086 926 causa
1105 891 1185 935 est,
1200 896 1278 924 cur
1301 878 1389 923 acie
1405 879 1488 922 fixa
1509 878 1576 939 ip-

195 971 286 999 sam
300 953 445 999 videre
456 970 542 999 non
552 953 707 1015 possis,
733 953 813 997 nisi
835 953 984 1015 utique
1005 950 1267 996 infirmitas?
1291 949 1347 992 Et
1369 946 1476 1009 quid
1497 945 1579 990 tibi

196 1041 290 1070 eam
318 1022 437 1078 fecit,
464 1024 546 1068 nisi
567 1023 800 1085 iniquitas?
823 1022 932 1078 Quis
960 1038 1060 1080 ergo
1078 1029 1200 1067 sanat
1220 1034 1367 1063 omnes
1388 1016 1575 1075 languo-

196 1111 262 1139 res
287 1092 439 1149 tuos1‚
478 1093 559 1138 nisi
597 1094 673 1156 qui
708 1093 928 1155 propitius
954 1093 1004 1137 fit
1040 1091 1244 1137 omnibus
1269 1087 1577 1151 iniquitatibus

198 1163 312 1209 tuis?
336 1163 520 1207 Librum
543 1163 690 1225 itaque
710 1163 839 1207 istum
849 1166 941 1221 jam
965 1161 1140 1206 tandem
1163 1158 1398 1221 aliquando
1422 1173 1578 1220 preca—

198 1232 314 1277 tione
329 1231 479 1276 melius
500 1249 633 1294 quam
654 1231 947 1294 disputatione
974 1229 1249 1275 concludam.

264 1302 338 1347 LI.
371 1302 558 1346 Domine
581 1303 694 1346 Deus
723 1312 892 1353 noster,
919 1299 1137 1345 credimus
1166 1299 1212 1343 in
1243 1308 1285 1342 te
1310 1297 1481 1341 Patrem
1501 1332 1510 1350 ‚
1540 1305 1582 1340 et

201 1371 386 1429 Filium,
412 1381 454 1416 et
482 1371 698 1434 Spiritum
718 1382 930 1418 sanctum.
964 1371 1114 1432 Neque
1139 1368 1252 1413 enim
1279 1366 1441 1411 diceret
1464 1365 1582 1411 Veri-

202 1451 266 1486 tas
290 1459 300 1486 z
332 1462 351 1481 (ι
375 1441 461 1497 110,
498 1441 720 1504 baptizate
746 1458 892 1486 onmes
923 1451 1066 1499 gentes
1096 1439 1142 1483 in
1172 1437 1346 1482 nomine
1373 1435 1512 1480 Patris
1542 1445 1584 1480 et

202 1533 224 1553 ))
239 1511 337 1556 Filii
359 1521 401 1555 et
423 1511 611 1573 Spiritus
631 1512 768 1557 sancti
782 1513 798 1540 '2
818 1549 828 1567 ‚
859 1535 878 1552 υ
899 1511 980 1555 nisi
1005 1509 1194 1554 Trinitas
1215 1524 1334 1569 esses,
1363 1508 1453 1552 Nec
1467 1506 1584 1568 bap-

203 1581 328 1626 tizari
357 1597 434 1624 nos
460 1581 636 1639 juberes
655 1618 665 1636 ‚
706 1581 892 1626 Domine
917 1582 1056 1634 Deus,
1085 1579 1132 1624 in
1162 1581 1253 1636 ejus
1281 1576 1478 1631 nomine,
1505 1574 1586 1638 qui

202 1668 292 1696 non
316 1660 377 1694 est
410 1651 623 1695 Dominus
657 1652 786 1697 Deus.
828 1652 976 1712 Neque
1011 1649 1229 1693 diceretur
1258 1662 1365 1692 Voce
1397 1645 1580 1690 divina:

206 1742 226 1762 «
249 1719 382 1776 Audi,
400 1719 553 1775 Israel,
575 1720 789 1765 Dominus
808 1721 922 1765 Deus
945 1730 1045 1764 tuus
1068 1734 1181 1763 unus
1193 1715 1284 1761 051ὃ
1306 1732 1317 1759 :
1342 1735 1362 1756 >a
1382 1714 1463 1759 nisi
1483 1713 1586 1758 'sri-

207 1792 317 1836 nitas
334 1790 395 1834 ita
411 1806 517 1834 esses
532 1827 542 1845 ‚
564 1800 613 1835 111
630 1807 742 1835 unus
762 1790 976 1835 Dominus
997 1790 1112 1833 Deus
1128 1803 1247 1832 esses.
1275 1786 1330 1830 Et
1348 1785 1382 1829 si
1401 1794 1448 1829 tu
1469 1784 1585 1828 Deus

207 1862 336 1906 Pater
365 1859 457 1922 ipse
481 1877 586 1905 esses
605 1897 615 1915 ‚
646 1871 687 1905 et
716 1860 850 1905 Filius
879 1859 1063 1905 verbum
1086 1869 1213 1903 tuum
1244 1860 1364 1901 Jesus
1387 1853 1588 1900 Christus

206 1930 298 1994 ipse
321 1945 426 1973 esses
442 1965 453 1984 ‚
490 1939 532 1974 et
554 1929 719 1974 donum
744 1940 936 1975 vestrum
962 1928 1150 1991 Spiritus
1182 1935 1356 1971 sanctus
1375 1961 1386 1980 ,
1413 1940 1501 1968 11011
1523 1923 1588 1968 10-

209 2016 402 2060 geremus
416 1999 462 2044 in
477 1999 650 2044 Litteris
663 2000 854 2045 veritatis
877 2017 887 2044 :
907 2021 924 2040 ι(
942 1999 1060 2044 Misit
1075 1999 1190 2042 Deus
1204 1995 1361 2041 Filium
1376 1993 1547 2040 suumst.
1567 2014 1587 2034 »

210 2066 299 2117 Nec
317 2080 366 2115 tu
382 2106 392 2124 ‚
421 2086 445 2114 o
468 2070 720 2129 Unigenite‚
741 2070 905 2115 diceres
932 2069 985 2114 de
1006 2068 1176 2131 Spiritu
1200 2076 1377 2111 sancto:
1404 2086 1424 2106 «
1446 2065 1588 2119 Quem

212 2162 233 2184 »
253 2140 398 2185 mittet
417 2140 545 2184 Pater
563 2140 605 2185 in
630 2140 804 2185 nominc
826 2139 949 2184 meo5
967 2176 977 2193 ‚
1002 2160 1022 2179 »
1053 2148 1094 2182 01
1118 2158 1137 2177 «
1161 2137 1300 2191 Quem
1321 2151 1399 2193 ego
1420 2134 1588 2178 mittam

213 2233 233 2252 n
252 2209 378 2254 vobis
399 2226 422 2253 a
447 2210 620 2256 Patress.
653 2231 672 2251 »
700 2209 767 2255 Ad
800 2209 915 2254 hanc
948 2207 1140 2267 regulam
1165 2205 1267 2250 fidei
1301 2204 1488 2262 dirigens
1520 2204 1592 2248 in-

212 2279 448 2325 tentionem
480 2296 617 2323 meam
639 2316 649 2333 ‚
683 2290 899 2342 quantum
930 2278 1081 2341 potui,
1117 2284 1331 2338 quantum
1365 2290 1432 2318 me
1467 2290 1590 2336 posse

213 2349 377 2401 fecisti,
403 2349 583 2411 quaesivi
611 2360 676 2404 te,
712 2360 753 2394 et
773 2348 1015 2394 desideravi
1047 2346 1268 2392 intellectu
1298 2343 1443 2389 videre
1471 2342 1593 2406 quod

215 2417 408 2472 credidi,
428 2428 470 2462 et
490 2418 678 2463 111111111111
698 2418 919 2481 disputavi
935 2454 946 2474 ,
967 2427 1008 2462 01
1026 2415 1236 2462 laboravi.
1266 2413 1452 2460 Domine
1473 2417 1590 2458 Deus

266 2517 277 2539 ¹
300 2514 378 2548 psal.
397 2528 456 2558 cu,
472 2519 503 2552 3,
524 2516 593 2541 —2
611 2518 730 2551 Matih.
752 2529 871 2560 xxvm,
892 2529 997 2551 20.-—
1018 2514 1032 2540 3
1048 2520 1143 2549 Deut.
1161 2527 1206 2556 vr,
1225 2513 1302 2553 4.-
1321 2512 1336 2536 4
1353 2516 1449 2547 Joan.
1466 2525 1516 2554 111,
1539 2526 1594 2554 17.

218 2588 264 2594 —
280 2568 294 2593 5
309 2569 358 2601 Id.
376 2581 422 2610 ιν,
436 2570 492 2604 26.
510 2587 554 2593 —
567 2566 582 2590 6
601 2570 650 2603 ld.
667 2581 718 2609 xv,
740 2571 794 2602 26.
