1894 3154
343 296 397 327 DE
435 296 652 327 5111115110
691 296 862 326 coxam
900 294 1190 338 Domum-As,
1230 297 1315 330 Lm.
1357 299 1407 331 11.
1485 287 1574 349 273

215 362 518 407 communione
537 361 886 406 contaminantur
913 378 923 405 ε
951 361 1207 425 respondete
1223 399 1233 417 ,
1259 379 1393 426 quare
1417 365 1577 412 vincu—

212 431 303 476 lum
328 430 584 493 disrupistis.

278 501 353 546 tx.
394 502 461 545 An
496 499 604 544 forte
640 498 903 544 schismatici
938 499 1026 545 sine
1051 501 1271 563 baptismo
1295 503 1457 566 recepti
1491 521 1578 549 nou

212 568 535 623 contaminant,
570 578 610 612 et
637 568 863 613 traditores
895 580 1143 615 sauctorum
1176 570 1390 617 librorum
1423 585 1579 619 conta-

213 638 413 682 minant.3
446 638 617 682 Yestros
641 637 817 699 quidem
839 637 968 683 fuisse
988 639 1216 684 traditores
1241 641 1581 688 manifestissima

214 723 356 752 rerum
383 717 495 766 gesta
522 717 744 752 testantur.
774 708 827 751 lit
845 708 877 752 si
904 718 1007 753 tunc
1024 709 1070 753 111
1093 709 1187 754 11105
1212 726 1321 772 quos
1338 713 1582 770 arguebatis

212 794 310 822 vcra
342 777 570 833 diceretis,
609 793 780 822 causam
816 788 1000 823 vestram
1032 779 1187 824 unitati
1221 779 1337 824 orbis
1371 791 1583 826 terrarum

213 846 522 908 persuasissetis
541 883 551 902 ,
579 857 627 891 ut
645 847 768 892 vobis
794 847 965 891 retentis
988 847 1049 892 illi
1076 848 1418 896 excluderentur.
1448 850 1583 907 Quod

213 916 246 960 si
272 916 415 961 conati
438 916 534 960 estis
560 915 698 961 facere
721 926 762 960 et
782 933 864 961 11011
891 916 1139 961 obtinuistis
1158 954 1168 972 ,
1196 918 1403 963 innocens
1428 930 1489 964 est
1509 937 1584 964 or-

211 985 279 1030 bis
309 996 518 1031 terrarum
537 1022 547 1041 ‚
579 985 653 1047 qui
680 984 911 1044 judicibus
944 985 1240 1030 ecclesiasticis
1277 987 1424 1048 potius
1451 1004 1585 1050 quam

212 1055 336 1100 victis
357 1054 649 1114 litigatoribus
669 1053 855 1099 credidit
879 1071 889 1098 :
913 1054 945 1098 si
967 1065 1110 1099 autem
1130 1054 1326 1100 noluistis
1348 1073 1469 1115 agere
1485 1074 1586 1103 cau-

212 1141 298 1170 sam
325 1134 506 1169 vestram
523 1161 534 1180 ‚
555 1125 762 1169 innocens
782 1133 843 1168 cst
865 1123 982 1168 orbis
1006 1135 1217 1169 terrarum
1238 1161 1248 1180 ,
1278 1125 1354 1187 qui
1378 1125 1585 1172 damnare

210 1210 300 1238 non
332 1193 475 1256 potuit
502 1192 735 1238 inauditos.
782 1197 927 1247 Quare
961 1210 1060 1252 ergo
1087 1210 1162 1238 vos
1188 1193 1244 1238 ab
1279 1194 1587 1241 innocentibus

211 1263 462 1325 separastis?
499 1262 781 1321 Sacrilegium
808 1262 1050 1307 schismatis
1082 1264 1210 1308 vestri
1245 1263 1472 1310 defendere
1495 1282 1584 1310 non

211 1334 373 1380 valetis.
409 1333 492 1378 Sed
516 1333 614 1378 haec
637 1333 787 1377 omitto
812 1350 822 1376 ε
850 1333 937 1377 1100
963 1333 1061 1378 dico
1081 1370 1091 1389 ‚
1128 1333 1162 1378 si
1186 1351 1260 1379 vos
1280 1345 1455 1396 possent
1472 1352 1583 1380 con-

212 1403 420 1448 taminare
443 1402 670 1448 traditores
688 1439 699 1457 ,
725 1402 803 1465 qui
822 1419 908 1447 11011
933 1413 1033 1447 sunt
1061 1420 1084 1447 a
1106 1403 1232 1448 vobis
1256 1404 1470 1460 convicti,
1499 1415 1542 1450 et
1560 1423 1583 1450 a

209 1473 370 1536 quibus
405 1489 479 1518 vos
513 1473 611 1517 estis
639 1472 770 1527 victi,
813 1472 948 1516 multo
985 1472 1117 1531 magis
1157 1483 1331 1535 possent
1366 1474 1584 1535 sacrilegia

211 1542 589 1587 schismaticorum
608 1551 650 1585 et
666 1541 972 1586 haereticorum
992 1541 1081 1586 sine
1098 1542 1319 1603 baptismo
1341 1543 1583 1588 secundum

210 1621 395 1655 vestram
436 1610 685 1655 sententiam
729 1620 900 1671 recepta
940 1610 1236 1655 contaminare
1284 1612 1573 1674 Cyprianum.

213 1681 308 1725 Non
329 1696 369 1724 se
391 1690 532 1723 tamen
553 1679 623 1723 ille
650 1680 879 1741 separavit.
912 1680 967 1723 Et
992 1679 1093 1742 quia
1121 1681 1407 1742 permanebat
1432 1681 1581 1726 Eccle-

212 1750 272 1795 sia
289 1787 299 1805 ‚
327 1749 598 1794 manifestum
618 1759 679 1793 est
700 1747 818 1810 quod
837 1749 1124 1794 contaminari
1142 1766 1227 1794 non
1251 1750 1408 1812 potuit.
1435 1751 1580 1807 Quare

209 1834 308 1877 crgo
333 1835 408 1863 vos
426 1855 436 1873 ‚
475 1835 563 1863 non
600 1817 698 1863 dico
737 1818 789 1862 ab
818 1817 1122 1863 innocentibus
1141 1855 1152 1874 ,
1193 1818 1312 1881 quod
1335 1820 1576 1881 probatum

210 1888 283 1932 sed
308 1888 364 1932 ab
386 1887 511 1951 ipsis,
537 1887 658 1951 quod
680 1904 766 1933 non
782 1887 998 1949 probatur
1016 1924 1028 1943 ,
1056 1888 1344 1934 traditoribus
1381 1906 1577 1952 separas-

211 1958 294 2003 tis?
315 1960 382 2003 An
399 1995 409 2014 ‚
439 1969 487 2003 ut
509 1958 650 2003 dicere
673 1974 918 2020 coeperam,
949 1958 1143 2016 graviora
1163 1969 1263 2003 sunt
1293 1959 1474 2006 crimina
1493 1972 1577 2007 tra-

210 2028 401 2072 ditorum
427 2045 557 2091 quam
588 2027 991 2072 schismaticorum?
1024 2029 1120 2072 Non
1156 2029 1380 2074 afferamus
1403 2040 1578 2077 stateras

210 2098 400 2155 dolosas,
429 2099 506 2143 ubi
538 2097 837 2161 appendamus
870 2097 990 2160 quod
1027 2097 1253 2154 volumus,
1286 2109 1328 2143 et
1356 2102 1577 2162 quomodo

210 2168 434 2224 volumus,
466 2184 551 2230 pro
572 2167 751 2211 arbitrio
775 2177 920 2211 nostro
953 2166 1143 2211 dicentes
1165 2183 1176 2210 ι
1202 2167 1298 2211 Ηο0
1315 2185 1464 2227 grave,
1492 2170 1578 2216 1100

209 2240 300 2285 leve
323 2249 384 2284 est
416 2254 428 2277 =
463 2238 535 2283 sed
565 2238 791 2283 afferamus
821 2237 1012 2283 divinam
1044 2247 1243 2282 stateram
1263 2237 1315 2282 de
1339 2239 1579 2303 Scripturis

210 2309 366 2354 sanctis
384 2319 592 2371 tanquam
623 2307 675 2352 de
700 2307 912 2352 thesauris
938 2306 1202 2362 Dominicis,
1236 2317 1277 2352 et
1300 2309 1345 2353 in
1374 2308 1447 2354 illa
1470 2311 1578 2374 quid

211 2379 264 2424 sit
293 2379 462 2438 gravius
491 2377 814 2441 appendamus3
843 2377 930 2422 imo
965 2393 1053 2421 non
1085 2376 1411 2439 appendamus,
1450 2381 1522 2426 sed
1555 2400 1579 2427 a

212 2450 401 2495 Domino
421 2466 610 2512 appensa
631 2463 1000 2507 recognoscamus.
1037 2448 1252 2509 Tempore
1273 2447 1346 2493 illo
1371 2466 1458 2512 quo
1484 2453 1578 2498 Do-

212 2521 353 2565 minus
376 2520 520 2583 priora
542 2519 700 2564 delicta
732 2517 976 2563 recentibus
1006 2534 1237 2580 poenarum
1269 2520 1470 2583 exemplis
1503 2541 1576 2569 ca-

212 2590 349 2636 venda
375 2591 654 2645 monstravit,
679 2599 718 2634 ct
736 2587 901 2634 idolum
919 2587 1182 2634 fabricatum
1203 2598 1332 2652 atquc
1352 2591 1579 2642 adoratum

373 2676 575 2707 cxxxviii.
1368 2662 1420 2706 18
