1894 3154
293 224 386 273 328
714 239 748 270 s,
791 237 1034 271 Arensrml
1068 236 1271 270 Emscorr

286 303 560 366 judaizare&
589 302 812 367 sicutipse
832 303 1079 368 Cyprianus
1102 303 1336 350 haereticos
1361 302 1503 350 denuo
1525 303 1670 367 bapti-

267 396 272 401 ·
293 375 382 420 zari
405 393 414 420 :
439 373 554 420 unde
573 373 733 420 talibus
752 373 879 419 bonis
896 374 1103 420 membris
1128 374 1173 419 in
1202 375 1413 420 charitate
1432 374 1637 420 radicatis
1657 411 1668 431 ‚

294 446 402 492 etin
427 445 572 509 aliquo
609 462 699 490 non
735 456 850 490 recte
887 445 1230 505 ingredientibus
1261 444 1369 491 dicit
1404 445 1670 509 Apostolus:

295 539 315 559 α
332 517 377 562 Si
392 516 499 580 quid
517 515 640 561 aliter
657 515 823 578 sapiti8‚
845 515 890 561 id
905 533 1080 579 quoque
1100 517 1226 562 vobis
1243 518 1358 561 Deus
1377 517 1586 562 revelabit
1601 516 1635 562 2.
1653 536 1674 556 »

294 589 350 632 Et
372 585 585 649 quosdam
611 602 758 630 rursus
781 585 869 631 sine
887 586 1104 631 charitate
1125 586 1278 631 docere
1299 585 1463 649 aliquid
1483 586 1671 641 salubre,

294 656 348 702 de
371 655 577 719 qualibus
604 654 818 700 Dominus
846 654 983 701 dicit:
1008 676 1028 697 «
1051 655 1320 701 Cathedram
1338 656 1481 718 Moysi
1506 655 1672 708 sedent3

294 749 314 770 »
332 744 431 791 quae
456 726 611 772 dicunt
635 725 789 782 facite,
822 743 922 789 quae
949 737 1092 773 autem
1125 726 1317 784 faciunt,
1345 726 1477 772 nolite
1503 726 1674 779 facere3

295 819 316 839 »
336 797 490 842 dicunt
513 796 627 842 enim
642 833 652 853 ‚
686 806 728 841 et
757 813 846 842 non
879 795 1047 842 faciunt
1063 796 1095 843 3.
1120 818 1141 838 »
1163 797 1288 842 Unde
1311 807 1352 842 et
1377 796 1608 860 Apostolus
1625 795 1679 841 de

296 868 380 914 illis
393 866 552 914 invidis
563 866 850 922 etmalevolis‚
864 867 1147 912 christianam
1161 878 1302 913 tamen
1317 867 1494 912 salutem
1507 883 1679 913 annun-

297 938 510 984 tiantibus
531 955 541 982 :
567 958 586 978 α
608 937 706 983 Sive
729 937 970 993 occasione,
986 937 1148 1000 inquit,
1170 937 1258 982 sive
1276 937 1456 983 veritate
1481 936 1681 982 Christus

299 1028 322 1051 »
346 1008 628 1054 annuntietur
645 1006 679 1051 Λ.
707 1029 727 1049 »
754 1007 1035 1070 Quapropter
1052 1017 1093 1052 et
1107 1007 1224 1052 intus
1244 1018 1286 1053 et
1306 1006 1407 1053 foris
1429 1006 1685 1070 perversitas

298 1078 530 1124 hominum
560 1076 817 1136 corrigenda
845 1088 929 1131 est,
956 1077 1105 1123 divina
1128 1094 1228 1123 vero
1256 1088 1524 1123 sacramenta
1541 1087 1582 1121 et
1598 1076 1683 1122 elo-

299 1150 402 1212 quia
426 1165 515 1193 non
542 1147 798 1193 hominibus
818 1147 1065 1193 tribuenda.
1096 1148 1196 1193 Non
1221 1148 1368 1210 itaque
1392 1169 1412 1188 «
1434 1147 1685 1211 patrocina-

301 1231 372 1266 tur
390 1218 628 1275 haereticis,
647 1239 667 1259 »
692 1218 769 1282 qui
788 1234 877 1263 non
893 1218 953 1263 eis
976 1217 1152 1275 tribuit,
1179 1217 1298 1281 quod
1323 1218 1357 1264 si
1378 1229 1419 1263 et
1445 1217 1564 1280 apud
1595 1234 1681 1272 eos,

301 1308 390 1336 non
408 1300 550 1334 tamen
569 1289 766 1352 ipsorum
781 1306 866 1334 esse
885 1289 1122 1348 cognoscit.
1147 1288 1247 1333 Non
1264 1305 1341 1333 nos
1360 1308 1380 1329 c<
1397 1287 1687 1334 Concedimus

301 1360 511 1406 haeretico
544 1359 846 1422 baptismum:
871 1380 891 1400 »
912 1358 985 1403 sed
1023 1357 1137 1403 illius
1173 1358 1470 1420 baptismum,
1507 1357 1560 1402 de
1599 1373 1687 1420 quo

305 1431 476 1477 dictum
501 1440 595 1475 est:
629 1450 649 1470 α
670 1429 755 1475 Hic
772 1440 833 1474 est
858 1429 934 1492 qui
952 1429 1148 1491 baptizat
1166 1428 1202 1485 5,
1224 1449 1244 1470 >³
1269 1428 1539 1491 ubicumque
1563 1427 1689 1473 inve-

304 1501 495 1548 nerimus
525 1499 812 1559 agnoscimus.
855 1520 875 1541 «
899 1498 1098 1545 Perfidus
1123 1509 1266 1544 autem
1298 1509 1340 1543 et
1366 1497 1650 1560 blasphemus
1670 1518 1689 1539 ›>

306 1572 400 1618 siin
419 1570 603 1635 perfidia
627 1580 669 1615 et
694 1570 970 1633 blasphemia
993 1569 1295 1633 permanserit,
1314 1585 1394 1614 nec
1419 1589 1439 1610 «
1462 1569 1591 1613 Extra
1609 1568 1691 1612 Ec-

307 1642 497 1698 clesiam,
516 1663 536 1683 ›>
556 1657 636 1686 nec
650 1641 765 1686 intra
786 1640 1024 1686 Ecclesiam
1037 1661 1057 1681 <‹
1073 1639 1384 1686 Remissionem
1405 1638 1566 1702 accipit
1584 1654 1691 1700 pec-

309 1723 507 1758 catorum
531 1730 541 1757 :
566 1733 585 1753 >2
615 1721 688 1756 aut
720 1711 753 1756 si
782 1722 965 1775 propter
992 1711 1083 1758 vim
1121 1709 1376 1756 sacramenti
1403 1709 1458 1754 ad
1477 1719 1692 1772 punctum

310 1782 519 1846 temporis
546 1781 736 1844 accipit,
761 1792 802 1827 et
824 1781 929 1828 foris
965 1792 1007 1827 et
1041 1781 1158 1827 intus
1191 1780 1340 1826 eadem
1373 1780 1437 1826 vis
1466 1790 1688 1842 operatur,

309 1854 420 1899 sieut
443 1852 506 1898 vis
529 1851 716 1896 nominis
736 1852 902 1898 Christi
921 1851 1218 1915 expulsionem
1241 1850 1559 1896 daemoniorum
1592 1848 1696 1894 foris

313 1922 442 1968 etiam
464 1920 745 1983 operabatur.

377 1992 544 2039 XVIII.
582 2011 602 2032 <c
634 1991 688 2036 At
719 1990 833 2036 enim
866 1989 1110 2037 invenimus
1153 1988 1383 2052 Apostolos
1420 1988 1465 2034 in
1493 1988 1697 2034 omnibus
1756 2034 1758 2036 .

316 2061 522 2125 Epistolis
546 2060 631 2105 suis
651 2061 837 2106 execrari
858 2061 875 2090 6
896 2071 937 2106 et
958 2059 1158 2106 detestari
1185 2059 1490 2105 haereticorum
1520 2058 1696 2104 sacrile-

315 2150 412 2193 gam
438 2131 723 2195 pravitatem,
761 2131 822 2176 ita
863 2141 911 2176 ut
939 2131 1087 2176 dicant
1124 2147 1366 2175 sermonem
1395 2145 1545 2175 eorum
1584 2128 1698 2174 sicut

317 2219 472 2248 cancer
487 2218 669 2264 serpere.
693 2222 713 2242 ›>
732 2200 853 2257 Quid
866 2201 998 2257 enim,
1015 2211 1058 2246 et
1072 2199 1168 2246 illos
1181 2200 1259 2263 qui
1273 2199 1504 2245 dicebant:
1529 2219 1550 2240 (ι
1571 2202 1697 2244 Man-

317 2295 337 2315 »
363 2272 572 2318 ducemus
594 2282 635 2316 et
658 2271 865 2318 bibamus
880 2309 891 2328 ‚
921 2288 1015 2317 cras
1039 2271 1154 2316 enim
1178 2270 1414 2315 moriemur
1438 2269 1457 2297 7
1480 2289 1491 2322 ;
1512 2290 1533 2311 2>
1555 2285 1698 2314 nonne

316 2352 591 2406 corruptores
613 2358 784 2388 morum
804 2343 1020 2388 bonorum
1046 2358 1124 2405 per
1147 2340 1260 2386 mala
1292 2339 1509 2403 colloquia
1532 2339 1698 2384 Paulus

320 2430 405 2459 esse
441 2412 713 2469 manifestat,
758 2413 969 2459 continuo
1010 2412 1310 2472 subjungens:
1346 2431 1366 2452 <‹
1397 2411 1700 2473 Corrumpunt

369 2516 380 2537 1
401 2510 507 2542 Galat.
524 2519 564 2546 11,
585 2519 599 2538 1
612 2516 639 2545 4.
655 2526 698 2532 -
715 2507 731 2530 2
747 2508 866 2552 Philip.
888 2520 939 2547 111,
957 2509 1068 2542 15.—
1090 2505 1105 2529 3
1123 2506 1239 2538 Matth.
1263 2516 1357 2545 xxm,
1380 2517 1412 2539 2.
1428 2522 1474 2528 ——
1491 2502 1506 2526 ⁴
1523 2504 1642 2548 Philip.
1667 2518 1698 2549 1,

326 2569 383 2605 15,
403 2585 445 2592 .-
467 2561 481 2584 5
497 2564 591 2593 Joan.
611 2572 639 2600 1,
656 2562 764 2592 33.—-
781 2559 796 2583 6
817 2573 834 2593 2
851 2563 933 2594 Tim.
949 2572 984 2600 11,
1005 2558 1132 2600 17.—-⁷
1149 2559 1222 2594 Isa'i.
1239 2570 1321 2598 xxu,
1340 2560 1391 2598 13,
1412 2563 1443 2589 et
1462 2569 1474 2588 1
1496 2559 1570 2590 Cor.
1592 2569 1620 2596 1,
1641 2560 1698 2590 32.
