1894 3154
414 289 587 322 CONTRA
620 287 826 320 LITTERAS
861 288 1102 327 ΡΕΤιιιΑΝ-ι,
1141 290 1228 320 Lm.
1271 291 1302 321 1.
1462 280 1554 345 467

188 353 335 417 palam
365 355 550 418 separati
583 365 710 417 atque
739 354 890 409 divisi,
925 371 1023 399 cum
1057 356 1267 401 Primiani
1293 358 1555 408 ordinationi

188 425 317 470 etiam
349 423 590 470 interfuisse
629 424 830 469 dicantur
847 460 858 478 ,
900 424 1172 470 Primianum
1209 425 1552 490 damnaverunt,

189 494 320 540 alium
344 495 599 557 episcopum
624 504 771 538 contra
790 493 1061 539 Primianum
1084 494 1420 553 ordinaverunt,
1441 513 1558 548 extra

189 564 459 610 Primianum
475 564 835 627 baptizaverunt,
859 574 958 626 post
977 564 1247 611 Primianum
1265 567 1556 631 rebaptizave-

188 646 315 691 runt,
346 652 534 699 cumque
557 635 642 680 suis
665 634 768 680 foris
788 652 810 680 a
840 651 882 679 se
902 635 1153 697 baptizatis,
1180 646 1222 681 et
1244 636 1361 682 intus
1389 657 1410 683 a
1434 641 1554 687 nullo

189 705 487 768 rebaptizatis,
511 705 564 751 ad
584 705 850 750 Primianum
874 705 1108 752 redierunt.
1135 705 1180 751 Si
1200 716 1315 752 tanta
1340 709 1560 758 Maximia-

188 775 400 822 nistarum
421 777 670 836 conjunctio
696 775 942 821 Donatistas
976 794 1064 822 non
1092 777 1312 833 maculat,
1339 782 1560 841 quomodo

191 845 395 891 Afrorum
418 845 533 892 fania
565 846 713 909 potuit
740 846 958 891 maculare
993 846 1267 909 peregrinos?
1301 848 1347 893 Si
1376 851 1420 895 in
1446 853 1563 913 pacis

191 916 339 962 osculo
358 917 446 962 sine
469 916 649 962 crimine
676 920 839 961 coeunt
858 915 974 961 labia
990 953 1000 970 ‚
1036 933 1136 978 quae
1160 933 1201 961 se
1223 917 1409 963 invicem
1436 921 1564 966 dam-

190 998 430 1042 naverunt,
451 987 590 1031 curin
614 986 814 1031 Ecclesiis
834 986 959 1031 valde
976 986 1307 1045 eorumjudicio
1329 991 1565 1037 remotissi-

192 1056 272 1102 mis
298 1068 413 1102 trans
441 1074 558 1102 mare
580 1057 635 1101 ab
662 1058 719 1101 eis
753 1056 935 1120 quisque
967 1056 1195 1102 damnatus
1228 1075 1315 1103 nou
1347 1070 1395 1104 ut
1427 1061 1564 1108 fidelis

193 1127 436 1172 catholicus
459 1127 703 1182 osculatur,
731 1127 803 1172 scd
826 1137 874 1172 ut
900 1145 1094 1190 paganus
1113 1128 1274 1190 impius
1293 1132 1564 1180 exsufflatur?

195 1197 326 1252 Quod
347 1198 381 1242 si
397 1215 551 1261 pacem
575 1199 759 1261 receptis
781 1199 1102 1244 maximianistis
1127 1215 1208 1261 pro
1227 1216 1302 1245 sua
1319 1202 1482 1249 unitate
1500 1203 1566 1250 fe-

193 1278 346 1312 cerunt
369 1286 379 1313 ε
398 1285 499 1313 ecce
521 1285 610 1313 non
634 1268 995 1331 reprehendimus
1012 1305 1022 1322 ,
1047 1269 1128 1314 nisi
1145 1268 1264 1331 quod
1287 1287 1363 1316 suo
1381 1289 1423 1318 se
1440 1275 1567 1333 judi-

194 1338 261 1383 cio
280 1338 511 1398 jugulant,
550 1348 600 1383 ut
631 1354 732 1382 cum
761 1355 844 1401 pro
875 1339 1039 1383 unitate
1068 1339 1324 1385 concisionis
1355 1358 1445 1387 suae
1476 1362 1498 1389 a
1528 1363 1570 1390 se

192 1424 340 1454 rursus
360 1408 532 1454 concisa
549 1408 824 1467 recolligant,
847 1408 986 1472 ipsam
1006 1409 1296 1455 concisionem
1317 1428 1439 1458 suam
1455 1431 1569 1461 verae

194 1489 352 1524 unitati
374 1496 579 1524 resarctre
601 1489 897 1526 contemnant.

258 1550 378 1596 XIV.
400 1549 446 1594 Si
464 1565 545 1612 pro
560 1549 723 1594 unitate
742 1549 880 1611 partis
896 1549 1060 1594 Donati
1076 1550 1122 1595 in
1149 1548 1310 1596 nefario
1336 1552 1568 1602 schismate

193 1620 437 1684 baptizatos
470 1636 594 1664 nemo
628 1619 891 1681 rebaptizat,
913 1629 954 1664 et
977 1619 1038 1664 rei
1057 1619 1166 1664 tanti
1189 1619 1375 1677 sceleris,
1415 1634 1464 1668 ut
1497 1643 1569 1672 eos

193 1692 240 1738 in
256 1690 441 1737 concilio
476 1706 553 1735 suo
575 1689 762 1752 antiquis
795 1688 880 1735 illis
914 1689 1166 1734 auctoribus
1188 1689 1433 1738 schismatis
1456 1711 1566 1757 quos

195 1762 315 1809 vivos
329 1773 442 1808 terra
465 1759 634 1806 sorbuit
660 1768 984 1822 compararent,
1014 1768 1089 1803 aut
1122 1760 1322 1820 separati,
1350 1778 1439 1808 non
1482 1782 1572 1828 pu-

193 1835 400 1890 niuntur,
422 1843 497 1878 aut
518 1829 712 1877 damnati
737 1828 784 1874 in
805 1829 1022 1887 integrum
1044 1829 1356 1884 restituuntur3
1385 1849 1465 1878 cur
1482 1853 1571 1882 non

196 1924 278 1971 pro
302 1905 466 1951 unitate
487 1901 679 1955 Christi,
708 1916 810 1963 quae
832 1909 922 1944 toto
947 1910 1158 1944 terrarum
1181 1900 1288 1946 orbe
1318 1901 1472 1949 diffusa
1491 1918 1570 1963 est,

198 1978 251 2024 de
273 1993 361 2040 quo
376 1974 642 2039 praedictum
659 1980 719 2015 est
743 1987 754 2014 ε
775 1990 794 2010 c<
810 1968 942 2025 Quod
958 1968 1257 2015 dominabitur
1273 1988 1296 2015 a
1316 1973 1423 2019 mari
1440 1991 1574 2040 usque

198 2070 220 2091 >2
242 2048 296 2094 ad
310 2063 443 2101 mare,
461 2055 502 2090 et
522 2061 545 2089 a
570 2039 751 2087 flumine
764 2040 897 2102 nsque
912 2038 966 2083 ad
983 2039 1186 2084 terminos
1213 2040 1328 2085 orbis
1351 2051 1477 2089 terrae
1490 2045 1532 2099 1;
1552 2068 1573 2088 »

199 2130 240 2166 et
264 2117 384 2181 quod
401 2113 667 2179 praedictum
688 2120 767 2165 est,
789 2108 962 2154 videtur
982 2124 1031 2153 ac
1050 2108 1470 2172 probaturimpleri3
1494 2132 1575 2161 cur

199 2204 298 2248 ergo
321 2203 411 2232 non
431 2201 513 2248 pro
535 2183 616 2229 ista
635 2180 801 2226 unitate
817 2194 918 2225 vera
936 2187 978 2222 et
992 2177 1185 2239 plenaria
1209 2177 1272 2223 lex
1293 2179 1408 2226 illius
1429 2182 1574 2231 haere-

199 2258 346 2305 ditatis
372 2253 634 2316 agnoscitur,
659 2266 760 2314 quae
774 2247 828 2294 de
848 2247 1156 2293 communibus
1176 2247 1403 2296 codicibus
1421 2270 1573 2315 perso-

199 2340 275 2376 nat
301 2346 312 2374 :
342 2349 362 2369 α
381 2327 510 2374 Dabo
534 2324 615 2370 tibi
638 2331 782 2382 gentes
801 2318 1102 2365 haereditatem
1126 2328 1262 2374 tuam,
1292 2330 1333 2364 et
1345 2325 1579 2383 possessio-

200 2423 222 2444 »
245 2418 343 2446 nem
367 2410 487 2445 tuam
518 2396 722 2442 terminos
740 2403 865 2437 terrae
882 2390 899 2418 2
922 2392 976 2435 3³»
998 2390 1085 2434 Pro
1105 2390 1266 2436 Donati
1295 2393 1460 2439 unitate
1489 2413 1579 2443 non

201 2482 417 2533 coguntur
440 2484 641 2516 revocare
666 2463 788 2529 quod
813 2461 1106 2524 disperserunt
1128 2497 1140 2518 ,
1180 2460 1253 2507 sed
1292 2461 1582 2513 admonentur

200 2541 400 2590 exaudire
423 2538 542 2604 quod
584 2537 774 2584 clamant
799 2532 1068 2597 Scripturae:
1109 2548 1188 2579 cur
1224 2549 1313 2579 non
1335 2534 1581 2597 intelligunt

250 2622 363 2655 ¹Psa1.
386 2631 476 2660 xxm,
499 2620 529 2650 8.
551 2635 596 2642 —
613 2615 628 2639 2
653 2615 700 2648 Id.
719 2625 755 2655 11,
779 2614 812 2648 8.

1347 2665 1419 2710 3«)-
