1894 3154
439 309 632 340 PSALMUS
669 308 846 338 CONTRA
884 308 1055 339 PARTEM
1090 310 1273 342 DONATI.

177 378 234 423 Et
253 387 352 440 post
374 375 634 434 collegarum
661 373 803 418 sedem
818 410 828 429 ‚
854 373 1000 419 audire
1026 375 1080 419 ab
1100 376 1380 439 Imperatore.

178 449 261 493 Hic
286 446 438 510 petitio
459 445 531 490 itta
556 445 769 507 probatur
788 461 874 489 non
895 462 979 489 esse
998 445 1050 490 de
1075 446 1300 493 charitate.

178 517 343 562 Deinde
368 516 527 578 ubique
552 515 690 560 victus
713 515 850 577 coepit
868 515 1139 560 Christianos
1163 516 1445 580 rebaptizare.

1462 315 1539 345 lll

304 618 458 675 Repet.
489 613 650 657 Omnes
668 612 744 675 qui
768 611 962 672 gaudetis
980 649 992 668 ,
1018 625 1101 660 etc,

177 710 414 756 JUSTthAM
439 710 559 773 sequi
583 710 615 755 si
640 709 793 765 vultis,
817 720 948 755 totam
974 727 1149 759 causam
1168 712 1365 771 cogitate.

178 780 310 836 Quod
335 791 479 843 postea
497 780 615 833 fecit,
643 798 775 843 quare
800 780 961 826 factum
986 799 1074 826 non
1103 792 1164 827 est
1189 785 1314 828 ante?

178 851 497 896 Dissentiebant
520 851 761 896 sacerdotes
785 851 830 895 in
855 861 944 896 tota
963 851 1166 897 Africana
1189 863 1342 915 parte3

181 920 431 965 Sacerdotes
455 921 730 966 transmarini
749 931 923 983 possent
946 921 1047 966 inde
1059 921 1258 980 J'udicare
1277 939 1288 965 z

182 989 302 1046 Quid
321 991 494 1035 curritis
520 990 574 1037 ad
591 991 777 1036 schisma
793 1027 803 1044 ‚
829 1001 870 1035 et
888 990 1020 1036 altare
1039 1001 1191 1036 contra
1211 991 1377 1037 altare?

181 1060 240 1104 Ut
260 1059 379 1123 quod
408 1060 815 1123 posteajudicatum
835 1070 895 1104 est
912 1097 922 1115 ,
945 1063 1035 1119 jam
1061 1077 1147 1105 non
1172 1062 1349 1124 possetis
1375 1060 1526 1108 audire
1542 1100 1552 1119 ,

183 1132 239 1175 Et
259 1148 281 1174 a
297 1130 521 1189 judicibus
544 1131 692 1176 vestris
714 1130 972 1189 cogeremini
992 1131 1211 1194 appellare
1230 1168 1240 1187 ‚

185 1201 302 1245 Dum
328 1201 457 1246 vultis
475 1201 629 1246 erroris
651 1217 831 1260 regnum
856 1217 1033 1263 quoquo
1055 1200 1185 1246 modo
1209 1204 1481 1251 confirmare.

187 1270 242 1314 Et
265 1287 382 1315 nunc
405 1281 446 1315 et
471 1288 543 1316 vos
570 1281 711 1316 totum
729 1271 900 1315 nescitis
918 1307 929 1325 ‚
954 1283 995 1315 et
1017 1271 1178 1330 fingitis
1198 1289 1272 1317 vos
1293 1274 1455 1319 nescire
1476 1291 1489 1318 ι

188 1342 245 1385 Et
267 1357 366 1386 curn
394 1358 468 1386 vos
491 1342 646 1386 veritas
672 1351 815 1400 urget,
843 1351 988 1403 patres
1014 1341 1157 1386 dicitis
1181 1359 1366 1401 errasse,

190 1411 324 1466 Quasi
350 1428 423 1456 vos
444 1410 598 1473 aliquis
626 1421 738 1456 vetet
756 1413 845 1469 jam
866 1411 1063 1455 recedere
1083 1411 1138 1456 ab
1162 1429 1318 1459 errore.

192 1480 276 1526 Sed
295 1481 497 1544 superbia
517 1498 592 1526 vos
615 1480 765 1540 ligavit
788 1481 832 1525 in
857 1480 1065 1527 cathedra
1089 1482 1358 1544 pestilentiae.

320 1584 479 1643 Repet.
509 1581 670 1626 Omnes
687 1579 766 1643 qui
790 1579 983 1639 gaudetis
1002 1617 1012 1636 ‚
1036 1592 1118 1627 ete.

196 1666 488 1711 Cumarum
514 1666 677 1711 Christi
694 1666 769 1728 qui
785 1666 941 1719 habet,
960 1683 1113 1729 pacem
1134 1683 1219 1711 non
1243 1677 1385 1729 potest
1404 1666 1556 1714 odisse.

195 1735 272 1781 Vel
296 1753 370 1781 vos
387 1740 477 1796 jam
501 1737 654 1799 populi
682 1736 851 1791 audite,
875 1746 916 1781 et
937 1737 1163 1781 nobiscum
1185 1736 1446 1782 concordate
1461 1773 1472 1792 ,

199 1806 287 1861 Qui
310 1823 397 1854 non
423 1807 569 1852 tenetis
587 1805 841 1851 cathedram
855 1842 866 1860 ‚
889 1823 968 1868 pro
989 1822 1074 1868 qua
1095 1807 1296 1869 pugnetis
1314 1807 1486 1865 injuste.

201 1875 246 1920 Si
271 1875 400 1920 modo
427 1877 622 1939 episcopi
646 1876 774 1921 vestri
793 1892 840 1920 ex
859 1892 944 1920 una
964 1875 1108 1938 aliqua
1133 1875 1336 1935 religione

201 1945 424 1990 Haberent
441 1946 553 1992 inter
568 1963 610 1991 se
632 1946 770 2000 litem,
789 1961 898 2008 quos
918 1944 1080 1990 velletis
1096 1945 1295 2004 judicare
1312 1981 1322 2000 ‚

203 2014 293 2060 Nisi
314 2015 545 2061 alterarum
573 2016 794 2075 regionum
811 2051 822 2070 ‚
842 2014 918 2077 qui
935 2032 1024 2060 non
1049 2025 1185 2059 essent
1207 2014 1261 2060 de
1282 2016 1376 2078 ipsa
1392 2014 1489 2071 lite,

204 2083 289 2130 Sed
320 2103 422 2131 cuni
449 2086 744 2132 discussissent
777 2102 948 2131 causam
967 2121 978 2141 ‚
1010 2085 1342 2147 pronuntiarent
1374 2101 1456 2148 pro
1486 2100 1573 2129 una

262 2166 384 2217 parte
413 2174 422 2200 :

207 2226 442 2288 Nunquam
464 2227 839 2274 communicaretis
855 2226 931 2290 qui
948 2225 1032 2270 illis
1056 2225 1220 2270 nollent
1237 2225 1489 2271 consentire

209 2296 353 2352 Quare
372 2315 471 2357 ergo
496 2299 763 2344 consensistis
783 2297 872 2343 istis
889 2296 966 2359 qui
989 2296 1074 2340 hoc
1097 2295 1293 2341 fecerunt
1317 2298 1448 2340 ante?

210 2368 322 2412 Bam
343 2380 384 2413 et
402 2369 483 2432 ipsi
501 2386 588 2415 non
605 2377 911 2414 consenserunt
937 2366 1317 2411 transmarinorum
1337 2366 1576 2420 sententiae,

212 2437 300 2492 Qui
325 2456 403 2500 pro
424 2439 550 2483 nobis
572 2439 829 2498 judicarunt
852 2454 863 2480 ε
891 2453 991 2481 nani
1019 2435 1144 2480 nobis
1160 2439 1406 2495 junguntur
1430 2434 1576 2482 hodie.

214 2507 260 2552 Si
278 2508 409 2567 judex
433 2509 633 2554 Christus
658 2509 746 2553 hoc
771 2508 889 2552 dicat
904 2543 914 2561 ‚
938 2505 1046 2568 quid
1070 2505 1241 2551 habetis
1263 2504 1551 2568 respondere?

345 2600 501 2657 [tepet.
536 2597 697 2642 Omnes
719 2595 796 2658 qui
816 2593 1035 2655 gaudetis,
1064 2603 1146 2639 etc.
