1894 3154
297 71 393 134 374
703 83 736 114 s,
779 82 1024 114 AUGUSTINI
1058 82 1259 113 EPISCOPI

302 152 360 198 Et
386 150 490 196 tales
509 149 706 213 profecto
729 160 852 195 erant
873 149 963 207 illi,
996 149 1074 214 qui
1107 166 1207 195 cum
1231 158 1365 194 essent
1398 147 1593 212 episcopi
1628 159 1669 195 et

302 237 405 267 cum
428 220 523 282 ipso
548 219 770 282 Cypriano
791 220 837 265 in
875 220 1040 266 unitate
1058 219 1277 265 catholica
1299 219 1540 275 constituti,
1566 218 1670 276 funf-

302 291 380 337 dos
392 289 605 336 insidiosis
617 290 845 336 fraudibus
858 291 1104 354 rapiebant,
1126 291 1414 354 praedicantes
1431 290 1578 353 utique
1593 307 1672 352 po-

301 361 418 426 pulis
448 361 645 424 Apostoli
680 361 813 407 verba
852 361 1057 416 dicentis;
1084 363 1273 425 «Neque
1299 377 1475 424 rapaces
1494 377 1674 420 regnum

306 452 328 474 »
353 430 433 478 Dei
457 431 745 494 possidebunt
766 431 799 478 4.
823 454 843 473 »

370 502 583 549 XXXIII.
616 502 899 565 Quapropter
923 502 1060 564 ipsius
1095 502 1224 548 etiam
1256 501 1463 565 Epistolae
1491 518 1590 564 quae
1621 500 1678 547 ad

303 573 566 634 Pompeium
587 571 750 634 scripta
774 582 860 627 est,
887 581 1063 617 caeteras
1098 572 1326 617 sententias
1353 589 1400 617 ex
1426 571 1581 616 eisdem
1606 588 1678 617 re-

305 642 416 702 gulis
434 641 625 687 breviter
646 658 899 704 percurrere
917 658 1006 687 non
1030 643 1250 689 morabor.
1272 663 1292 683 «
1310 642 1474 687 Contra
1495 641 1679 687 manda-

309 722 402 757 tum
432 711 512 756 Dei
545 727 655 766 esse,
690 711 808 774 quod
835 711 1049 758 venientes
1087 713 1141 758 ab
1174 712 1414 768 haereticis,
1435 711 1681 771 sijamillic

309 781 581 845 baptismum
612 781 776 828 Christi
809 794 1073 846 acceperunt
1088 821 1099 840 ‚
1123 801 1211 829 non
1233 783 1531 846 baptizantur,
1554 803 1574 824 »
1598 799 1687 845 qua

311 853 639 915 Scripturarum
687 853 850 899 auctori
860 864 942 899 tate
988 866 1234 900 sanctarum
1274 853 1515 899 ostenditur
1534 856 1553 898 Ρ
1603 852 1688 898 Sed

312 924 441 987 plane
477 923 735 981 ostenditur,
768 925 927 971 multos
955 926 1452 989 pseudo-christianos,
1492 923 1690 988 quamvis

312 1011 402 1040 non
429 994 623 1040 habeant
646 995 842 1041 eamdem
869 996 1126 1042 charitatem
1162 1014 1262 1042 cum
1289 997 1468 1051 sanctis,
1496 996 1585 1040 sine
1604 1010 1691 1058 qua

312 1063 426 1109 nihil
441 1074 627 1126 prosunt
647 1082 938 1129 quaecumque
962 1078 1108 1112 sancta
1131 1067 1294 1112 habere
1318 1066 1553 1128 potuerint,
1582 1065 1692 1126 bap-

315 1133 491 1178 tismum
516 1144 661 1179 tamen
693 1151 969 1181 communem
1010 1136 1175 1181 habere
1210 1153 1312 1181 cum
1348 1136 1506 1180 sanctis
1528 1151 1538 1179 ε
1573 1132 1694 1197 quod

314 1206 407 1262 jam
420 1204 520 1249 satis
538 1214 668 1267 atque
681 1205 897 1251 uberrime
908 1205 1249 1252 demonstratum
1266 1217 1339 1252 est.
1359 1227 1379 1246 «
1402 1205 1638 1250 Ecclesiam
1654 1214 1695 1248 et

320 1273 536 1336 Spiritum
560 1285 602 1319 et
620 1275 857 1338 baptisma,
883 1276 1012 1331 dicit,
1038 1277 1093 1322 ab
1110 1277 1295 1322 invicem
1318 1292 1405 1321 non
1425 1291 1548 1338 posse
1567 1291 1696 1337 sepa-

322 1344 427 1399 rari,
442 1343 588 1389 ctideo
600 1346 933 1407 quiabEcclesia
948 1347 1132 1409 separati
1144 1358 1244 1392 sunt
1261 1357 1334 1392 eta
1350 1346 1515 1409 Spiritu
1527 1355 1693 1400 sancto,

320 1413 447 1459 etiam
463 1416 725 1478 aBaptismo
740 1416 1020 1476 vultintelligi
1032 1428 1263 1480 separatos.
1286 1438 1306 1458 >³
1327 1415 1458 1472 Quod
1484 1416 1517 1461 si
1538 1416 1597 1461 ita
1615 1424 1695 1469 est,

320 1500 423 1530 cum
453 1485 634 1548 quisque
655 1486 700 1531 in
721 1486 911 1532 Ecclesia
936 1487 1153 1533 catholica
1178 1487 1448 1550 baptismum
1464 1484 1696 1548 acceperit,

321 1554 474 1600 tandiu
491 1555 536 1600 in
555 1572 604 1601 eo
628 1568 790 1613 manet,
815 1557 1068 1620 quandiuin
1084 1558 1276 1603 Ecclesia
1291 1568 1330 1603 et
1354 1557 1445 1620 ipse
1467 1565 1638 1601 manet:
1667 1554 1703 1599 si

322 1636 466 1671 autem
486 1625 587 1672 inde
605 1626 842 1673 discesserit
860 1666 870 1684 ‚
886 1628 1069 1674 discedit
1097 1629 1352 1692 abaptismo
1370 1648 1380 1682 ς
1399 1627 1516 1690 quod
1542 1625 1703 1671 nonita

322 1707 399 1742 est.
419 1696 530 1742 Nam
551 1696 648 1742 ideo
668 1697 960 1744 redeuntinon
972 1699 1187 1755 redditur,
1209 1700 1310 1762 quia
1329 1715 1429 1744 cum
1446 1696 1700 1749 discederet,

334 1783 421 1811 non
431 1766 586 1813 amisit.
604 1767 987 1822 Quemadmodum
1000 1781 1140 1815 autem
1159 1770 1373 1833 Spiritum
1384 1778 1580 1813 sanctum
1593 1766 1706 1811 sicut

323 1836 491 1881 habent
500 1836 856 1893 filiidilecti‚non
870 1840 1034 1885 hahent
1052 1840 1129 1886 filii
1154 1840 1349 1900 maligni,
1373 1850 1413 1885 et
1430 1849 1573 1884 tamen
1587 1837 1706 1899 bap-

324 1905 502 1951 tismum
531 1906 727 1953 habent:
749 1909 808 1954 sic
831 1920 872 1954 et
890 1910 1126 1956 Ecclesiam
1149 1912 1260 1956 sicut
1279 1911 1445 1955 habent
1468 1906 1705 1962 catholici,

328 1992 417 2021 non
440 1975 607 2022 habent
625 1976 837 2034 haeretici,
864 1989 906 2024 et
928 1990 1071 2027 tamen
1089 1981 1359 2043 baptismum
1383 1979 1562 2024 habent.
1596 1977 1708 2021 Nam

328 2046 517 2109 Spiritus
533 2057 705 2094 sanctus
724 2048 967 2112 disciplinae
980 2050 1116 2111 fugiet
1133 2052 1330 2107 fictun12‚
1351 2067 1430 2095 nec
1449 2060 1593 2094 tamen
1609 2064 1710 2092 eum

324 2117 461 2178 fugiet
474 2118 712 2181 baptimus.
731 2120 884 2184 Itaque
893 2122 1005 2169 sicut
1018 2134 1159 2187 potest
1175 2123 1395 2186 baptisma
1417 2137 1502 2166 esse
1536 2129 1578 2164 et
1596 2117 1711 2164 unde

325 2205 368 2235 se
385 2187 523 2236 aufert
537 2189 724 2252 Spiritus
739 2203 930 2248 sanctus,
946 2194 1006 2239 ita
1024 2205 1168 2258 potest
1181 2211 1266 2239 esse
1283 2192 1502 2256 baptisma
1522 2190 1600 2235 ubi
1621 2205 1712 2234 non

325 2270 389 2306 est
408 2260 615 2307 Ecclesia.
641 2262 837 2309 «Manus
864 2275 1005 2311 autem
1040 2267 1285 2330 impositio,
1312 2265 1454 2310 sinon
1475 2261 1711 2308 adhibere-

326 2341 400 2377 tur
419 2331 472 2377 ab
491 2331 648 2379 haeresi
665 2334 852 2381 venienti
870 2373 881 2392 ,
902 2357 922 2377 ›>
947 2347 1156 2401 tanquam
1181 2348 1298 2383 extra
1336 2349 1509 2381 omnem
1533 2331 1711 2395 culpam

375 2417 387 2442 Ι
413 2430 426 2449 1
444 2419 576 2459 Cornu,
595 2432 643 2454 10.
666 2440 706 2447 —
731 2422 832 2467 2Sap.
854 2435 877 2464 1,
901 2425 930 2456 5.
1119 2402 1123 2404 *
