1894 3154
367 243 540 273 Gozx‘snA
577 242 820 273 EPISTULAM
857 244 1154 284 PARMEMAM,
1194 248 1281 277 [ΑΒ.
1324 249 1354 279 1.
1471 236 1544 292 141

187 307 293 371 quid
319 307 564 353 conferendi
597 306 780 352 facultas
814 307 1045 364 adimitur,
1075 309 1142 355 vel
1168 327 1214 355 ex
1250 310 1558 361 donationibus

190 389 262 423 aut
285 377 543 423 testamentis
563 376 727 440 aliquid
752 378 968 441 capiendi.
1001 379 1108 424 Nam
1139 379 1184 424 in
1209 382 1398 444 quadam
1429 401 1557 430 causa

189 465 287 493 cum
315 447 447 492 homo
469 446 628 491 nobilis
649 447 992 510 'Imperatoribus
1012 449 1297 512 supplicasset
1315 489 1325 507 ,
1347 453 1467 516 quod
1486 471 1558 500 so-

188 534 261 562 ror
283 520 373 576 ejus
394 533 492 579 qua*
510 516 562 561 de
579 527 700 579 parte
726 518 883 563 Donati
905 518 1046 564 fuerat
1064 556 1074 575 ,
1105 537 1204 565 011111
1224 520 1553 582 defungeretur,

188 588 330 632 nescio
350 587 394 631 in
410 604 518 650 quos
535 587 852 632 communionis
869 606 958 634 suae
975 626 986 644 ,
1010 600 1051 634 et
1070 590 1248 635 maxime
1266 588 1309 636 in
1327 593 1559 654 quemdam

191 657 479 716 Augustinum
511 657 767 719 episcopum
798 675 944 703 eorum
979 659 1170 722 plurima
1201 661 1476 719 contulisset,
1511 680 1560 709 ex

189 726 262 772 illa
291 726 472 786 generali
501 726 591 786 lege
624 738 896 790 praeceptum
922 739 1012 783 est,
1047 740 1094 774 ut
1116 730 1260 774 onmia
1290 730 1412 777 fratri
1435 733 1561 778 resti-

191 809 414 843 tuerentur
440 815 450 841 :
474 797 550 842 ubi
574 799 702 842 etiam
729 798 1141 845 circumcellionum
1163 801 1322 846 mentio
1341 802 1456 848 facta
1473 814 1557 861 est,

191 870 223 915 si
250 886 366 914 more
388 885 463 913 suo
483 868 692 914 violenter
710 870 990 924 obsisterent,
1019 887 1106 933 quo
1129 888 1279 929 genere
1305 873 1562 919 auxiliorum

192 951 234 985 et
264 939 536 984 adminiculis
569 939 891 1001 repellerentur.
924 941 996 985 Sic
1023 941 1137 985 enim
1170 942 1292 996 noti,
1324 942 1385 987 510
1416 943 1563 989 multis

192 1010 353 1073 praeliis
373 1009 547 1072 probati
566 1020 665 1053 sunt
681 1046 692 1065 ,
717 1020 765 1054 ut
787 1009 840 1055 de
863 1010 931 1055 his
950 1020 991 1055 et
1014 1010 1277 1073 snpplicatio
1302 1013 1563 1075 Imperatori

194 1080 312 1124 fieret
327 1116 337 1133 ,
366 1089 407 1123 et
428 1079 671 1141 Imperator
690 1088 830 1124 tacere
854 1097 941 1125 non
959 1091 1114 1143 posset.

259 1151 354 1194 XX.
398 1149 510 1204 Quae
539 1165 640 1193 cum
670 1149 730 1193 ita
759 1150 869 1205 sint,
906 1167 1007 1195 cum
1031 1161 1071 1195 et
1103 1149 1262 1195 divinis
1295 1161 1337 1195 et
1361 1151 1563 1199 humanis

193 1220 361 1279 legibus
396 1219 453 1264 ita
489 1218 750 1264 damnentur
787 1237 797 1264 ε
838 1230 956 1266 tanta
995 1231 1055 1266 est
1096 1231 1237 1266 tamen
1281 1223 1565 1270 mansuetudo

197 1289 466 1343 Christiana,
509 1299 555 1332 ut
584 1306 671 1333 non
708 1289 845 1334 solum
878 1300 1049 1336 teneant
1075 1291 1298 1348 basilicas,
1337 1310 1442 1355 quas
1470 1297 1563 1353 J‘am

195 1359 364 1423 praecisi
399 1358 749 1415 aedificaverunt,
786 1360 858 1405 sed
899 1378 977 1405 nec
1012 1379 1080 1406 eas
1118 1378 1264 1406 omnes
1296 1362 1566 1409 reddiderint

197 1430 377 1484 unitati,
398 1445 502 1492 quas
524 1429 577 1473 ab
596 1429 768 1474 exordio
790 1431 929 1475 unitas
947 1431 1098 1477 tenuit.
1132 1432 1185 1475 Et
1202 1448 1302 1476 cum
1326 1432 1411 1495 ipsi
1430 1434 1566 1480 Maxi-

199 1500 414 1545 mianistas
440 1499 492 1543 de
513 1499 701 1544 basilicis
735 1500 787 1545 ad
825 1511 988 1562 partem
1023 1502 1179 1546 Donati
1219 1503 1563 1564 pertinentibus,

198 1588 276 1634 per
299 1570 467 1629 judices
497 1588 516 1613 a
550 1569 776 1615 catholicis
810 1571 1146 1634 imperatoribus
1180 1573 1327 1618 missos
1359 1573 1569 1619 instanter

199 1640 454 1686 excluserint
472 1676 482 1693 ‚
507 1650 648 1685 tamen
670 1658 690 1684 a
713 1640 857 1685 multis
878 1642 982 1686 locis
999 1659 1107 1704 quos
1129 1642 1345 1688 catholica
1363 1654 1459 1689 ante
1474 1644 1569 1690 uni·

202 1721 264 1755 tas
301 1710 536 1763 retinebat‚
574 1727 651 1754 nec
682 1709 876 1772 ipsorum
913 1711 1229 1756 catholicorum
1257 1713 1570 1775 imperatorum

201 1781 370 1839 legibus
403 1779 706 1825 excluduntur.
750 1781 973 1825 Postremo
1002 1782 1032 1825 si
1062 1781 1168 1843 quid
1192 1782 1301 1826 forte
1334 1783 1569 1846 aliquando

202 1849 526 1896 immoderatius
550 1849 594 1893 in
614 1866 683 1893 eos
708 1849 871 1895 factum
901 1861 987 1903 est,
1024 1850 1144 1913 quod
1172 1851 1464 1898 Christianam
1495 1871 1570 1898 ex·-

204 1920 372 1965 cederet
400 1919 644 1973 lenitatem,
686 1918 886 1981 displicet
929 1921 1132 1965 omnibus
1167 1920 1394 1967 frumentis
1428 1924 1573 1969 messis

206 1990 469 2035 Dominicae.
499 1986 650 2043 idest„
680 1989 724 2033 in
757 1989 933 2034 Christo
966 1989 1262 2036 laudabilibus
1283 1991 1568 2049 Christianis,

205 2060 280 2122 qui
318 2060 404 2104 sive
442 2059 713 2105 centenario.
756 2060 843 2104 sive
884 2061 1177 2119 sexagenario,
1219 2062 1306 2106 sive
1342 2063 1573 2109 tricenario

203 2130 351 2174 fructu
374 2129 416 2173 in
447 2128 662 2174 catholica
683 2129 872 2174 Ecclesia
894 2140 981 2175 toto
1005 2131 1110 2175 orbe
1128 2142 1420 2178 succrescunt.

271 2201 392 2247 XXI.
436 2200 716 2262 Quapropter
738 2200 897 2245 zizania
918 2201 984 2246 vel
1007 2201 1176 2264 paleam
1201 2202 1432 2248 catholicae
1460 2220 1576 2263 sege·

206 2272 260 2316 tis
283 2270 511 2316 nobiscum
536 2270 828 2332 copiosissime
854 2282 1055 2317 accusent
1074 2308 1084 2326 ‚
1114 2271 1186 2316 sed
1218 2272 1447 2318 nobiscum
1469 2274 1579 2320 serre

208 2339 519 2405 patientissime
555 2356 643 2384 non
678 2352 888 2387 recusent.
931 2341 1082 2386 Noluit
1105 2342 1217 2387 enim
1244 2343 1455 2388 Dominus
1484 2354 1582 2390 ante

209 2422 381 2473 tempus
399 2408 616 2455 eradicare
640 2410 801 2456 zizania
816 2448 827 2466 ,
851 2421 891 2456 et
916 2429 937 2456 a
955 2411 1273 2457 frumentorum
1296 2413 1582 2475 permixtione

211 2497 420 2545 separare.
461 2501 479 2521 «
512 2480 674 2533 Sinite,
714 2481 880 2544 inquit,
918 2490 1320 2546 utraque‘crescere
1361 2500 1493 2547 usque
1527 2485 1583 2530 ad

214 2548 469 2596 ›>111essem1.
496 2571 516 2590 »
542 2549 718 2595 Etcum
754 2550 1030 2597 involucrum
1065 2552 1256 2612 ejusdem
1290 2551 1588 2602 similitudinis

261 2629 272 2651 ¹
294 2626 409 2660 Matth.
424 2638 502 2670 xm,
521 2629 572 2658 30.
