1894 3154
0 411 14 3154 Qmfflmss-.
11 396 14 404 ⁴
11 343 14 389 ,⁴⁴
11 202 15 336 ,-,,-,-
12 174 15 178 .
13 129 15 167 „-

293 273 466 305 CONTRA
499 275 741 305 1-21’15'r0LtM
779 275 1075 318 PAflMt·;N1AM‚
1113 280 1199 321 [ΑΒ.
1243 282 1311 314 ΙΙΙ.
1424 272 1514 320 225

151 337 255 383 riam
277 338 562 399 malignorum
580 376 592 396 ,
623 349 664 385 et
692 357 792 385 cum
824 340 971 404 impiis
993 341 1183 389 sederet?
1216 347 1283 391 An
1311 364 1396 394 non
1425 364 1516 398 erat

150 409 498 455 conventiculum
530 410 730 455 vanitatis
754 410 797 455 in
825 410 908 467 eis,
935 411 1011 474 qui
1040 414 1328 462 esurientibus
1358 418 1403 463 in
1429 420 1516 466 Ee-

150 477 275 524 elesia
299 478 505 525 fratribus
526 479 765 540 largissimo
791 491 967 540 argento
993 482 1127 528 nitere
1153 485 1423 548 cupiebant?
1448 492 1516 535 An

148 565 235 593 non
255 560 376 594 erant
397 549 650 605 facinorosi,
674 550 748 613 qui
768 549 928 595 fundos
950 551 1166 598 insidiosis
1186 553 1415 603 fraudibus
1441 577 1514 605 ra-

147 618 357 681 piebant?
383 621 448 665 An
476 620 724 683 nequissimi
745 637 832 665 non
852 632 972 666 erant
991 658 1002 678 ,
1027 623 1104 685 qui
1130 625 1269 670 usuris
1293 627 1514 692 multipli-

147 688 348 734 cantibus
372 689 515 735 foenus
534 690 781 749 augebant?
808 690 885 736 Ille
901 707 1002 737 vero
1032 691 1210 749 lavabat
1241 713 1393 744 manus
1418 717 1514 747 suas

146 774 245 803 cum
275 759 578 805 innocentibus
596 797 606 816 ,
633 770 675 805 et
704 759 1009 806 circumdabat
1031 761 1166 808 altare
1188 765 1378 814 Domini.
1410 770 1514 817 Ideo

146 828 311 892 quippe
332 829 542 876 tolerabat
558 841 759 876 nocentes
776 868 788 886 ,
811 848 864 876 ne
884 830 1094 877 desereret
1108 833 1359 883 innoeentes
1377 875 1388 894 ‚
1411 857 1513 888 cum

144 899 304 963 quibus
328 917 481 946 manus
507 901 683 947 lavabat
698 937 709 954 ‚
740 901 844 964 qnia
873 901 1082 961 diligebat
1104 920 1224 966 spem
1248 905 1402 954 domus
1419 912 1514 956 Do-

145 969 279 1026 mini,
323 987 423 1033 cpias
458 971 621 1033 species
661 971 707 1015 in
736 971 846 1016 vasis
882 971 1217 1019 honorabilibus
1253 987 1357 1025 erat.
1405 1000 1427 1022 «
1460 982 1513 1028 In

145 1059 165 1080 ›>
186 1056 340 1099 magna
370 1050 513 1085 autem
541 1040 670 1085 domo
691 1057 776 1086 non
795 1040 934 1086 solum
957 1058 1056 1087 vasa
1093 1054 1192 1088 sunt
1217 1061 1344 1092 aurea
1379 1059 1421 1094 et
1442 1067 1514 1096 ar-

145 1130 165 1150 »
183 1119 331 1168 gentea
346 1147 357 1167 ,
381 1110 454 1155 sed
473 1120 514 1156 et
534 1109 673 1170 lignea
692 1121 733 1156 et
751 1110 916 1156 fictilia.
957 1112 1012 1156 Et
1040 1110 1114 1157 ilta
1137 1113 1311 1176 quidem
1336 1129 1436 1164 sunt
1464 1119 1511 1167 in

143 1200 163 1220 »
181 1179 391 1226 honorem
408 1217 418 1236 ,
454 1180 528 1226 illa
555 1197 655 1226 vero
677 1180 723 1226 in
748 1180 1101 1228 contumeliam1.
1126 1204 1147 1224 ›>
1187 1185 1242 1230 Et
1268 1188 1514 1237 mundabat

143 1249 418 1312 semetipsum
437 1251 494 1296 ab
511 1250 789 1308 hujusmodi,
814 1261 863 1296 ut
881 1262 987 1296 esset
1003 1252 1133 1297 etiam
1151 1270 1222 1299 vas
1238 1255 1283 1300 in
1302 1256 1513 1307 honorem

141 1318 486 1376 sanctificatum,
514 1319 616 1364 utile
641 1320 855 1377 Domino,
876 1320 930 1365 ad
952 1338 1079 1366 omne
1101 1339 1210 1385 opus
1240 1324 1406 1372 bonum
1427 1347 1514 1392 pa-

142 1400 280 1435 ratum
304 1408 314 1435 ε
338 1407 418 1436 nec
442 1401 625 1454 propter
641 1408 740 1436 vasa
765 1407 864 1454 quae
884 1401 1006 1437 erant
1028 1392 1073 1437 in
1094 1396 1403 1443 contumeliam
1429 1417 1471 1445 se
1493 1418 1516 1447 a

141 1478 294 1520 magna
317 1460 447 1506 domo
471 1461 727 1524 separabat3
752 1461 825 1506 sed
849 1479 919 1507 eos
948 1461 994 1507 in
1022 1462 1186 1509 unitate
1211 1464 1327 1511 illius
1352 1467 1514 1516 domus

141 1548 321 1590 arguens
340 1531 574 1587 tolerabat,
597 1549 618 1576 a
637 1532 798 1594 quibus
815 1549 856 1577 se
877 1549 964 1577 non
981 1532 1192 1579 imitando
1212 1536 1470 1586 mundabat.

208 1601 368 1647 XXVI.
396 1600 480 1646 Sed
518 1602 640 1647 novit
676 1618 836 1664 ponere
880 1603 1192 1650 Parmenianus
1231 1607 1366 1653 verba
1400 1613 1511 1655 Pro-

138 1672 310 1735 phetae,
340 1671 521 1717 dicentis
547 1690 557 1716 z
585 1693 604 1713 α
631 1674 728 1718 Non
763 1673 852 1718 sedi
876 1690 976 1718 cum
1002 1674 1189 1720 concilio
1214 1677 1441 1737 vanitatis,
1469 1692 1512 1727 et

140 1764 160 1783 »
185 1759 287 1788 eum
310 1742 560 1788 facinorosis
585 1759 672 1788 non
696 1743 887 1788 introibo
912 1742 929 1771 1
960 1761 970 1788 ε
999 1765 1019 1784 »
1051 1743 1152 1790 odio
1181 1745 1320 1793 habui
1342 1751 1509 1798 curiam

138 1813 511 1874 nequissimorum.
531 1813 709 1858 Lavabo
738 1830 838 1858 cum
862 1813 1172 1861 innocentibus
1196 1833 1350 1864 manus
1369 1837 1503 1878 meas,

138 1883 476 1928 etcircumdabo
494 1882 623 1928 altare
641 1883 845 1928 Domini:
872 1894 919 1929 ut
939 1883 1111 1929 audiam
1136 1902 1262 1932 voces
1280 1887 1439 1946 laudis,
1465 1903 1507 1937 et

138 1970 330 1999 enarrem
364 1953 508 1998 onmia
536 1953 753 1999 mirabilia
794 1964 882 2000 tua.
925 1955 1108 2000 Domine
1127 1992 1138 2011 ‚
1168 1955 1294 2003 dilexi
1322 1962 1509 2023 speciem

138 2034 178 2069 et
195 2023 347 2069 domus
366 2034 471 2079 tuae,
495 2023 640 2069 locum
655 2023 925 2069 tabernaculi
943 2023 1152 2070 claritatis
1169 2036 1268 2074 tuae.
1294 2029 1358 2074 Ne
1378 2031 1507 2078 simul

135 2092 374 2157 perdideris
393 2110 494 2138 cum
517 2093 819 2157 peccatoribus
834 2093 1022 2139 animam
1038 2111 1195 2150 meam,
1225 2107 1266 2140 et
1289 2114 1389 2143 cum
1405 2100 1507 2147 viris

137 2165 394 2224 sanguinum
409 2163 541 2209 vitam
559 2181 695 2209 meam
714 2163 784 2208 :in
799 2180 986 2228 quorum
1000 2164 1201 2209 manibus
1217 2165 1372 2214 delicta
1387 2181 1503 2226 sunt,

137 2234 305 2279 dextera
319 2250 465 2279 eorum
482 2233 657 2296 impleta
673 2244 734 2278 est
754 2233 1020 2279 muneribus.
1043 2254 1062 2274 υ
1088 2233 1220 2279 Novit
1238 2234 1325 2281 hoc
1347 2255 1508 2300 ponere

138 2304 463 2359 parmenianus,
490 2314 532 2348 et
552 2320 637 2348 non
667 2314 790 2349 curat
809 2302 1028 2348 advertere
1049 2303 1416 2365 quemadmodum
1440 2310 1509 2358 his

135 2374 278 2421 verbis
312 2374 400 2419 sine
436 2372 524 2418 ullo
552 2373 774 2419 divisionis
816 2372 991 2418 nefariae
1025 2372 1244 2433 sacrilegio
1277 2379 1501 2430 serviatur.

137 2446 310 2509 Species
331 2445 443 2490 enim
471 2444 625 2490 domus
644 2455 684 2490 et
702 2445 820 2490 locus
838 2443 1107 2489 tabernaculi
1131 2444 1338 2493 claritatis
1358 2451 1436 2497 Dei
1457 2454 1503 2512 in

135 2516 245 2563 vasis
267 2525 357 2571 est,
394 2525 442 2560 ut
459 2514 545 2560 dixi
562 2551 573 2570 ,
601 2532 688 2560 non
712 2514 757 2559 in
798 2513 1027 2571 omnibus,
1054 2531 1154 2578 quae
1177 2525 1318 2563 tamen
1352 2519 1396 2566 in
1422 2538 1507 2573 una

184 2603 194 2625 ¹
218 2613 235 2632 2
253 2601 338 2632 Tim.
358 2611 394 2636 11,
413 2611 467 2632 20.
482 2617 528 2623 -
545 2597 559 2620 ²
575 2599 655 2633 Psal.
678 2610 752 2642 xxv,
776 2604 809 2635 4.

294 2666 509 2699 cxxxvnr.
1324 2655 1380 2701 15
