1894 3154
337 256 392 287 DE
429 254 655 286 BAPTISMO
691 252 867 285 CONTRA
901 253 1197 296 DONATISTAS,
1234 254 1322 287 LIB.
1363 257 1432 288 111.
1509 244 1602 307 309

225 321 439 368 Dominus
463 320 580 366 dicat
605 337 615 364 ε
633 340 652 360 c<
670 321 735 365 De
760 335 865 364 auro
877 335 973 363 meo
995 329 1034 363 et
1053 318 1106 364 de
1130 332 1304 380 argento
1320 339 1415 368 meo
1434 334 1475 369 et
1489 335 1604 371 veste

223 415 244 435 ›>
264 410 358 438 mea
378 390 667 446 versicoloria,
683 400 724 435 et
734 390 826 435 oleo
842 400 986 435 meoet
1000 389 1173 436 incenso
1195 401 1235 436 et
1262 393 1453 455 panibus
1469 396 1591 451 meis,

226 484 247 505 »
264 473 306 508 et
328 472 496 508 caetera.
520 483 540 502 ›>
567 463 633 506 An
655 460 758 524 quia
787 460 851 505 illi
869 471 1057 506 errantes
1070 478 1221 506 eorum
1243 478 1328 507 esse
1351 462 1431 508 ista
1443 475 1602 526 putant

226 551 248 579 a
267 533 429 596 quibus
449 532 734 588 seducuntur,
759 542 992 595 propterea
1010 549 1100 577 non
1130 532 1339 578 debemus
1375 550 1602 593 agnoscere

222 608 345 663 cujus
369 603 453 648 sint
473 623 484 656 ;
512 620 612 648 cum
637 603 728 666 ipse
751 601 870 647 dicat
891 619 902 646 ε
924 624 944 645 «
962 603 1017 647 Ε1
1037 602 1135 648 haec
1151 619 1239 648 non
1264 603 1599 668 cognovitquod

221 694 241 714 »
253 690 330 732 ego
347 674 384 718 ei
399 673 591 719 dederim
607 673 892 729 frumentum,
908 673 1057 719 vinum
1072 684 1114 718 et
1131 673 1291 725 oleum,
1315 685 1357 719 ct
1368 674 1602 737 pecuniam

220 765 240 785 »
261 744 551 808 multiplicavi
588 744 650 790 illi
667 747 685 789 9
702 766 722 786 n
750 744 848 789 Non
871 744 985 790 enim
1011 744 1121 790 dixit
1152 762 1245 790 eam
1282 762 1370 790 non
1395 744 1600 791 habuisse

217 814 315 870 ista,
337 816 440 877 quia
458 815 690 860 fornicaria
711 825 824 868 erat3
845 814 920 860 sed
941 825 981 860 et
1005 815 1210 860 habuisse
1229 814 1391 860 dicitur
1411 852 1421 870 ‚
1445 826 1486 861 et
1509 833 1599 862 non

218 901 292 929 sua
311 902 388 930 nec
413 896 655 930 amatorum
675 901 869 940 snorum,
887 884 959 929 sed
979 885 1075 940 Dei,
1103 889 1228 944 cujus
1242 885 1370 930 unius
1383 885 1463 930 ista
1476 896 1590 933 sunt.

219 955 428 1012 Quamvis
452 973 551 1015 ergo
573 956 780 1000 habuerit
804 955 1135 1001 fornicationem
1167 972 1289 1000 suam
1310 992 1321 1011 ,
1352 955 1426 1000 illa
1453 966 1596 1001 tamen

216 1026 378 1088 quibus
403 1026 598 1071 eamdem
629 1025 962 1070 fornicationem
988 1025 1195 1082 ornabat,
1225 1024 1292 1071 vel
1326 1024 1504 1071 seducta
1528 1025 1596 1071 Vel

215 1096 438 1153 seducens,
465 1114 550 1142 non
570 1107 692 1141 erant
711 1100 818 1156 ejus,
840 1096 912 1141 sed
928 1096 1022 1143 Dei.
1055 1095 1101 1140 Si
1123 1095 1223 1141 haec
1241 1095 1294 1140 de
1312 1096 1337 1140 J
1342 1095 1467 1141 udaea
1486 1112 1594 1155 gen—

216 1176 256 1211 te
276 1167 596 1226 figurabantur,
613 1167 692 1212 ubi
714 1167 882 1211 Scribae
906 1177 947 1211 et
970 1166 1183 1211 Pharisaei
1201 1166 1457 1225 rejiciebant
1474 1184 1595 1212 man-

215 1236 367 1282 datum
409 1239 512 1293 Dei,
553 1249 600 1282 ut
637 1236 887 1282 traditiones
923 1254 1018 1282 suas
1042 1237 1376 1293 constituerunt,
1405 1247 1454 1282 ut
1490 1254 1593 1282 cum

210 1307 338 1370 plebe
362 1308 497 1352 Deum
515 1308 779 1370 relinquente
799 1307 858 1351 sic
881 1306 1074 1369 quodam
1088 1306 1217 1351 modo
1236 1305 1555 1353 fornicarentur
1574 1328 1586 1362 3

214 1396 292 1424 nec
318 1389 459 1424 tamen
478 1378 573 1424 talis
595 1378 708 1423 1111115
729 1378 935 1440 temporis
953 1378 997 1422 in
1016 1377 1184 1441 populo
1204 1377 1432 1423 fornicatio
1456 1396 1590 1442 quam

214 1449 425 1495 Dominus
447 1449 666 1509 arguendo
694 1448 928 1512 prodebat,
953 1447 1097 1494 effecit
1122 1459 1171 1493 ut
1195 1465 1344 1494 eorum
1364 1460 1500 1494 essent
1518 1467 1589 1495 sa—

214 1532 448 1574 cramenta,
465 1537 563 1583 quse
581 1537 671 1564 non
694 1529 815 1564 erant
837 1535 1006 1574 eorum,
1024 1518 1097 1564 sed
1122 1519 1218 1574 Dei,
1242 1519 1317 1582 qui
1340 1519 1520 1582 loquens
1535 1520 1590 1565 ad

212 1589 488 1636 fornicariam
514 1590 622 1635 dicit
646 1589 719 1634 illa
733 1589 878 1634 omnia
895 1606 969 1634 sua
992 1606 1105 1642 esse3
1130 1589 1245 1634 unde
1264 1589 1355 1651 ipse
1376 1590 1591 1634 Dominus

213 1663 341 1708 ctiam
364 1680 472 1726 quos
497 1661 725 1707 mundavit
745 1679 767 1705 a
795 1660 913 1723 lepra
932 1697 942 1716 ,
971 1659 1025 1705 ad
1044 1660 1191 1705 eadem
1211 1671 1477 1705 sacramenta
1502 1661 1590 1706 mi-

212 1733 283 1789 sit,
308 1734 565 1779 utofferrent
587 1750 668 1796 pro
679 1748 720 1777 se
741 1731 1002 1777 sacrificium
1027 1731 1325 1776 sacerdotibus
1340 1731 1465 1794 3quia
1482 1748 1592 1775 non-

213 1803 319 1849 dum
358 1805 416 1850 eis
439 1814 697 1850 successerat
722 1802 981 1848 sacrificium
1004 1839 1014 1858 ,
1042 1801 1162 1865 quod
1198 1802 1289 1865 ipse
1320 1811 1420 1865 post
1445 1802 1490 1846 in
1510 1802 1592 1847 Ec-

213 1879 339 1926 clesia
355 1880 493 1926 voluit
518 1880 726 1926 celebrari
749 1896 831 1942 pro
852 1879 934 1924 illis
953 1879 1156 1923 omnibus
1174 1915 1185 1932 ‚
1210 1878 1314 1941 quia
1336 1877 1421 1923 illis
1444 1878 1592 1922 omni-

212 1950 294 1995 bus
325 1951 415 2014 ipse
435 1950 808 2014 pronuntiabatur
830 1967 840 1993 ε
870 1959 1035 2013 quanto
1060 1948 1196 2007 magis
1217 1965 1295 1993 nos
1325 1959 1593 1993 sacramenta

215 2020 325 2066 Nox-i
353 2021 637 2077 Testamenti,
662 2020 781 2084 apud
800 2019 1015 2082 quoslibet
1031 2018 1262 2064 haereticos
1286 2018 1354 2063 vel
1376 2018 1591 2063 schisma-

213 2092 317 2137 ticos
340 2092 604 2138 invenientes
625 2129 635 2147 ,
664 2109 748 2137 non
775 2091 983 2136 debemus
1007 2089 1111 2152 ipsis
1145 2090 1351 2142 tribuere,
1378 2105 1458 2134 nec
1477 2105 1590 2151 qua-

214 2164 247 2208 si
269 2180 355 2207 non
383 2163 525 2222 agnita
547 2162 781 2226 reprobare
801 2181 812 2215 3
836 2161 908 2206 sed
936 2160 1134 2223 quamvis
1160 2159 1280 2223 apud
1301 2158 1588 2205 fornicariam

211 2233 435 2279 mulierem
463 2233 579 2279 dona
602 2234 685 2279 viri
711 2232 892 2293 legitimi
916 2248 1160 2290 agnoscere,
1183 2241 1223 2276 et
1248 2230 1383 2276 verbo
1397 2230 1591 2276 Veritatis

209 2304 329 2349 illam.
353 2304 685 2349 fornicationem
718 2301 946 2349 emendare
965 2339 975 2356 ‚
1011 2318 1112 2363 quae
1142 2300 1322 2364 propria
1355 2310 1418 2346 est
1439 2300 1592 2365 impu-

211 2375 323 2420 dieae
344 2376 552 2432 mulieris,
577 2394 664 2421 non
690 2376 763 2421 illa
788 2374 903 2420 dona
928 2373 1133 2436 culpare,
1156 2389 1256 2437 quae
1287 2372 1468 2437 propria
1490 2384 1592 2418 sunt

213 2446 390 2491 Domini
411 2447 649 2492 miserantis
669 2450 687 2491 i>

274 2517 480 2564 XXVIII.
496 2519 664 2563 Harum
683 2527 724 2562 et
743 2515 896 2561 talium
914 2531 1055 2560 rerum
1066 2514 1411 2560 consideratione
1435 2524 1582 2578 patres

212 2587 362 2644 nostri,
388 2605 476 2634 non
502 2588 639 2634 50111111
661 2597 756 2632 ante
784 2585 1056 2649 Cyprianum
1084 2585 1152 2634 vel
1172 2584 1486 2649 Agrippinum,
1515 2584 1589 2631 sed
