1894 3154
300 294 352 324 1)ss
393 292 611 323 ssAt’TtsMO
648 291 819 321 contrua
861 292 1151 332 Dotx‘A'tJS't‘As,
1193 294 1277 325 Lis,
1322 298 1389 327 tlt.
1465 283 1556 328 303

189 358 268 403 Dei
291 368 332 404 et
356 357 567 404 orationes
593 365 841 401 sanctorum
871 356 1188 419 spiritualium,
1217 361 1292 422 qui
1316 362 1461 408 onmia
1479 367 1552 423 ju-

187 428 360 483 dicant,
383 427 466 491 ipsi
491 434 631 471 autem
657 444 680 471 a
705 427 874 472 nemine
891 427 1161 486 judicantur.
1194 429 1319 475 Petra
1349 433 1460 478 enim
1491 444 1556 479 te-

187 509 281 554 net,
307 509 429 562 petra
453 497 634 542 dimittit
663 513 674 542 t
707 496 912 542 columba
936 508 1077 554 tenet,
1104 499 1307 545 columba
1338 501 1516 548 dimittit
1542 521 1552 548 ι

189 569 326 613 unitas
349 578 483 620 tenet,
512 567 653 612 unitas
679 567 873 613 dimittit.
903 570 985 612 Pax
1008 579 1147 613 autem
1165 569 1297 628 hujus
1319 571 1494 617 unitatis
1511 573 1553 618 in

187 639 286 683 solis
312 638 438 684 bonis
475 648 558 692 est,
603 637 665 682 vel
695 641 786 697 jam
818 638 1116 700 spiritalibus,
1157 639 1222 685 vel
1258 640 1308 685 ad
1347 643 1556 704 spiritalia

187 707 394 753 concordi
430 706 674 752 obedientia
700 709 1028 769 proficientibus
1051 726 1060 753 ε
1089 709 1133 754 in
1159 709 1278 755 malis
1303 723 1442 759 autem
1471 730 1557 758 non

186 788 273 833 est,
305 778 392 824 sive
414 777 518 824 foris
543 777 887 835 tumultuentur,
913 779 1000 825 sive
1018 780 1134 825 intus
1151 797 1248 826 cum
1271 782 1432 841 gemitu
1459 784 1559 830 tole-

187 860 362 904 rentur,
390 859 432 894 et
456 848 680 912 baptizent
703 860 745 895 et
768 849 1058 913 baptizentur.
1092 850 1214 896 Sicut
1233 862 1372 898 autem
1395 854 1464 900 isti
1481 855 1558 917 qui

186 918 302 964 intus
333 935 431 964 cum
464 918 625 978 gemitu
666 918 929 975 tolerantur,
958 920 1155 983 quamvis
1186 920 1237 965 ad
1262 921 1454 967 eamdem
1480 941 1559 968 eo-

186 988 350 1035 lumbae
378 987 640 1043 unitatmn‘l,
667 999 708 1033 et
740 988 790 1033 ad
814 989 930 1034 illam
960 989 1186 1049 gloriosam
1212 990 1445 1037 Ecclesiam
1473 1010 1558 1038 non

188 1058 420 1104 habentem
442 1057 656 1103 maculam
686 1069 757 1103 aut
778 1076 925 1118 rugam
954 1070 1028 1104 aut
1055 1059 1217 1122 aliquid
1244 1060 1524 1120 hujusmodi?
1545 1100 1555 1113 ,

190 1146 273 1173 non
297 1129 542 1191 pertineant
562 1148 573 1181 3
603 1138 743 1174 tamen
772 1129 804 1173 si
829 1129 1128 1189 corrigantur,
1158 1141 1197 1174 et
1220 1147 1260 1175 se
1281 1132 1485 1193 pessimos
1505 1132 1559 1178 ad

187 1199 453 1261 baptismum
475 1198 694 1243 accessisse
722 1198 961 1254 fateantur,
989 1216 1073 1244 non
1104 1199 1450 1262 rebaptizantur,
1487 1202 1558 1248 sed

187 1268 405 1331 incipiunt
425 1268 477 1313 ad
493 1268 742 1313 columbam
762 1269 974 1331 pertinere
991 1307 1000 1324 ‚
1024 1287 1100 1332 per
1118 1272 1242 1328 cujus
1261 1271 1442 1330 gemitus
1462 1291 1561 1335 pec-

188 1348 282 1384 cata
306 1338 562 1392 solvuntur,
590 1355 612 1382 a
630 1341 755 1396 cujus
781 1355 889 1400 pace
914 1339 1106 1383 alienatis
1127 1340 1384 1386 tenebantur
1406 1358 1416 1385 ι
1439 1342 1499 1388 sic
1520 1353 1561 1388 et

187 1409 262 1471 qui
281 1408 469 1471 apertius
486 1407 587 1452 foris
609 1417 708 1452 sunt
725 1444 735 1459 ,
760 1409 793 1452 si
810 1408 955 1453 eadem
976 1419 1240 1455 sacramenta
1258 1423 1556 1473 sumpserunt,

190 1495 289 1524 cum
316 1479 501 1524 correcti
527 1478 580 1523 ad
610 1478 811 1523 Ecclesiae
836 1480 1014 1524 veniunt
1041 1480 1272 1535 unitatem,
1304 1498 1390 1526 non
1408 1482 1560 1528 iterato

187 1548 406 1612 baptismo
427 1585 437 1604 ‚
461 1547 533 1594 scd
556 1547 702 1592 eadem
730 1548 955 1595 charitatis
990 1548 1079 1608 lege
1110 1559 1152 1594 et
1176 1550 1351 1595 unitatis
1383 1552 1559 1598 vinculo

188 1619 443 1664 liberantur.
475 1639 493 1658 «
519 1618 626 1662 'Nam
646 1617 677 1662 si
703 1635 787 1662 non
817 1618 898 1663 nisi
922 1619 966 1663 in
1001 1619 1186 1664 Ecclesia
1217 1621 1459 1682 praepositis
1479 1659 1488 1676 ‚
1517 1633 1558 1668 et

191 1688 448 1748 Evangelica
471 1687 560 1747 lege
587 1705 636 1732 ac
669 1687 899 1732 Dominica
932 1687 1205 1734 ordinatione
1236 1688 1427 1736 fundatis
1458 1691 1558 1738 licet

188 1758 445 1821 baptizare:
469 1779 487 1797 »
513 1756 729 1820 numquid
766 1756 867 1802 tales
896 1767 1017 1802 erant
1049 1757 1125 1820 qui
1159 1758 1316 1804 fundos
1346 1760 1560 1808 insidiosis

188 1827 418 1874 fraudibus
456 1827 710 1890 rapiebant,
749 1837 790 1871 et
821 1827 957 1873 usuris
988 1827 1381 1890 multiplicantibus
1414 1830 1559 1878 foenus

192 1898 437 1958 augebant?
462 1897 662 1943 Arbitror
690 1897 802 1942 enim
823 1899 923 1960 quia
946 1897 1006 1943 itti
1034 1898 1260 1943 Dominica
1287 1899 1559 1948 ordinatione

189 1969 360 2016 fundati
384 1978 482 2014 sunt
503 2005 512 2024 ‚
537 1968 697 2031 quibus
718 1985 816 2013 cum
839 1968 1022 2014 formam
1043 1968 1166 2014 daret
1189 1971 1416 2032 Apostolus
1431 2009 1442 2029 ,
1465 1973 1524 2018 ait
1545 1991 1555 2018 :

193 2061 212 2081 α
231 2042 331 2085 Non
356 2054 534 2085 avarum
557 2073 564 2082 .
593 2055 679 2083 non
704 2037 998 2101 turpilucrum
1013 2038 1044 2086 3.
1073 2060 1093 2079 »
1118 2039 1241 2084 Tales
1265 2050 1407 2086 tamen
1427 2043 1560 2105 ipsius

192 2108 404 2174 Cypriani
423 2107 691 2171 temporibus
709 2108 1018 2170 baptizabant,
1039 2125 1147 2171 quos
1165 2109 1448 2174 coepiscopos
1463 2128 1560 2158 suos

190 2181 318 2227 fuisse
342 2196 441 2224 cum
463 2196 618 2238 magno
640 2179 799 2238 gemitu
824 2180 1055 2224 confitetur
1073 2216 1082 2234 ‚
1111 2188 1151 2223 et
1182 2195 1282 2223 cum
1312 2197 1463 2240 magna
1491 2193 1559 2228 to-

191 2249 383 2296 lerantiae
404 2248 598 2294 mercede
624 2249 881 2311 perpetitur.
915 2248 1152 2293 Remissam
1176 2257 1319 2293 tamen
1352 2263 1561 2313 peccato-

192 2338 288 2367 rum
314 2337 400 2365 non
429 2319 622 2371 dabant3
643 2335 741 2381 quae
762 2337 840 2382 per
862 2318 1075 2364 orationes
1099 2323 1372 2376 sanctorum,
1399 2321 1444 2367 id
1468 2334 1558 2380 est,

193 2409 271 2455 per
292 2390 511 2436 columb-ee
530 2390 710 2448 gemitus
735 2390 864 2434 datur
880 2426 889 2438 .
916 2389 1182 2452 quicumque
1206 2388 1422 2452 baptizet,
1452 2394 1485 2438 si
1507 2394 1560 2439 ad

194 2466 284 2521 ejus
302 2476 453 2524 pacem
482 2459 545 2503 illi
565 2460 782 2522 pertinent
799 2458 961 2523 quibus
977 2458 1119 2504 datur.
1155 2459 1252 2504 Non
1272 2461 1384 2507 enim
1412 2474 1563 2527 rapto-

194 2532 314 2577 ribus
339 2540 381 2574 et
405 2528 742 2574 loeneratoribus
767 2529 927 2574 diceret
955 2530 1166 2574 Dominus
1193 2546 1201 2573 :
1232 2530 1274 2575 Si
1298 2533 1368 2578 cui
1389 2533 1562 2580 dimise-

245 2616 252 2638 1
279 2599 359 2646 Vide
383 2624 398 2644 2
422 2616 455 2644 [tv
472 2617 561 2645 tract.
586 2615 639 2645 [ὃ.
659 2632 700 2638 -
719 2613 733 2634 ‘2
752 2613 864 2656 Eplies.
886 2625 911 2650 κ,
929 2624 981 2652 27·
1003 2631 1045 2638 —-
1062 2611 1149 2645 31ἸΙ.
1179 2625 1203 2651 ι,
1227 2625 1254 2652 7.
