<?xml version="1.0" encoding="UTF-8"?>
<!DOCTYPE html PUBLIC "-//W3C//DTD XHTML 1.0 Transitional//EN"
    "http://www.w3.org/TR/xhtml1/DTD/xhtml1-transitional.dtd">
<html xmlns="http://www.w3.org/1999/xhtml" xml:lang="en" lang="en">
 <head>
  <title>
</title>
<meta http-equiv="Content-Type" content="text/html;charset=utf-8" />
  <meta name='ocr-system' content='tesseract 3.04.00' />
  <meta name='ocr-capabilities' content='ocr_page ocr_carea ocr_par ocr_line ocrx_word'/>
</head>
<body>
  <div class='ocr_page' id='page_1' title='image "./operaomniaaccura31auguuoft_0447.png"; bbox 0 0 1894 3154; ppageno 0'>
   <div class='ocr_carea' id='block_1_1' title="bbox 272 247 1541 309">
    <p class='ocr_par' dir='ltr' id='par_1_1' title="bbox 272 247 1541 309">
     <span class='ocr_line' id='line_1_1' title="bbox 272 247 1541 309; baseline 0.006 -24"><span class='ocrx_word' id='word_1_1' title='bbox 272 255 325 286; x_wconf 83' lang='lat' dir='ltr'><strong>DE</strong></span> <span class='ocrx_word' id='word_1_2' title='bbox 363 255 582 287; x_wconf 70' lang='lat' dir='ltr'>BAPTISMO</span> <span class='ocrx_word' id='word_1_3' title='bbox 620 256 793 287; x_wconf 75' lang='lat' dir='ltr'><strong>CONTRA</strong></span> <span class='ocrx_word' id='word_1_4' title='bbox 830 255 1119 296; x_wconf 63' lang='lat' dir='ltr'><strong>nomi-isus,</strong></span> <span class='ocrx_word' id='word_1_5' title='bbox 1158 258 1245 289; x_wconf 74' lang='lat' dir='ltr'><strong>mn.</strong></span> <span class='ocrx_word' id='word_1_6' title='bbox 1288 260 1367 291; x_wconf 78' lang='lat' dir='ltr'><strong>vn.</strong></span> <span class='ocrx_word' id='word_1_7' title='bbox 1451 247 1541 309; x_wconf 72' lang='lat'><strong>437</strong></span> 
     </span>
    </p>
   </div>
   <div class='ocr_carea' id='block_1_2' title="bbox 165 321 1549 2626">
    <p class='ocr_par' dir='ltr' id='par_1_2' title="bbox 172 321 1548 508">
     <span class='ocr_line' id='line_1_2' title="bbox 173 321 1546 387; baseline 0.004 -20"><span class='ocrx_word' id='word_1_8' title='bbox 173 332 219 367; x_wconf 88' lang='lat' dir='ltr'><strong>et</strong></span> <span class='ocrx_word' id='word_1_9' title='bbox 248 321 293 367; x_wconf 91' lang='lat' dir='ltr'><strong>in</strong></span> <span class='ocrx_word' id='word_1_10' title='bbox 318 321 595 366; x_wconf 77' lang='lat' dir='ltr'><strong>Marcionista</strong></span> <span class='ocrx_word' id='word_1_11' title='bbox 626 322 834 367; x_wconf 70' lang='lat' dir='ltr'><strong>haeretico</strong></span> <span class='ocrx_word' id='word_1_12' title='bbox 861 333 1109 379; x_wconf 83' lang='lat' dir='ltr'><strong>agnosceret</strong></span> <span class='ocrx_word' id='word_1_13' title='bbox 1135 323 1344 386; x_wconf 74' lang='lat' dir='ltr'>baptismi</span> <span class='ocrx_word' id='word_1_14' title='bbox 1370 326 1546 387; x_wconf 80' lang='lat' dir='ltr'><strong>integri-</strong></span> 
     </span>
     <span class='ocr_line' id='line_1_3' title="bbox 174 391 1548 454; baseline 0.005 -18"><span class='ocrx_word' id='word_1_15' title='bbox 174 403 323 445; x_wconf 82' lang='lat' dir='ltr'><strong>tatem,</strong></span> <span class='ocrx_word' id='word_1_16' title='bbox 347 392 578 450; x_wconf 82' lang='lat' dir='ltr'><strong>corrigeret</strong></span> <span class='ocrx_word' id='word_1_17' title='bbox 595 395 686 450; x_wconf 87' lang='lat' dir='ltr'><strong>ejus</strong></span> <span class='ocrx_word' id='word_1_18' title='bbox 713 391 1041 454; x_wconf 77' lang='lat' dir='ltr'><strong>perversitatem</strong></span> <span class='ocrx_word' id='word_1_19' title='bbox 1059 428 1070 447; x_wconf 87' lang='lat'><strong>,</strong></span> <span class='ocrx_word' id='word_1_20' title='bbox 1093 391 1266 438; x_wconf 84' lang='lat' dir='ltr'><strong>doceret</strong></span> <span class='ocrx_word' id='word_1_21' title='bbox 1285 396 1548 443; x_wconf 78' lang='lat' dir='ltr'>catholicam</span> 
     </span>
     <span class='ocr_line' id='line_1_4' title="bbox 172 473 408 508; baseline 0 -1"><span class='ocrx_word' id='word_1_22' title='bbox 172 473 408 508; x_wconf 79' lang='lat' dir='ltr'><strong>veritatem.</strong></span> 
     </span>
    </p>

    <p class='ocr_par' dir='ltr' id='par_1_3' title="bbox 172 529 1546 734">
     <span class='ocr_line' id='line_1_5' title="bbox 236 529 1546 595; baseline 0.005 -20"><span class='ocrx_word' id='word_1_23' title='bbox 236 532 426 578; x_wconf 62' lang='lat' dir='ltr'>XXXII„</span> <span class='ocrx_word' id='word_1_24' title='bbox 458 530 689 576; x_wconf 72' lang='lat' dir='ltr'>Marcellus</span> <span class='ocrx_word' id='word_1_25' title='bbox 714 548 734 575; x_wconf 94' lang='lat' dir='ltr'><strong>a</strong></span> <span class='ocrx_word' id='word_1_26' title='bbox 757 530 889 574; x_wconf 86' lang='lat' dir='ltr'><strong>Zama</strong></span> <span class='ocrx_word' id='word_1_27' title='bbox 917 529 1022 575; x_wconf 59' lang='lat' dir='ltr'><strong>dixit</strong></span> <span class='ocrx_word' id='word_1_28' title='bbox 1045 549 1055 575; x_wconf 70' lang='grc' dir='ltr'>ς</span> <span class='ocrx_word' id='word_1_29' title='bbox 1080 551 1099 572; x_wconf 75' lang='grc' dir='ltr'>α</span> <span class='ocrx_word' id='word_1_30' title='bbox 1118 532 1230 577; x_wconf 89' lang='lat' dir='ltr'><strong>Cum</strong></span> <span class='ocrx_word' id='word_1_31' title='bbox 1255 545 1433 595; x_wconf 87' lang='lat' dir='ltr'><strong>peccata</strong></span> <span class='ocrx_word' id='word_1_32' title='bbox 1458 553 1546 581; x_wconf 89' lang='lat' dir='ltr'><strong>non</strong></span> 
     </span>
     <span class='ocr_line' id='line_1_6' title="bbox 172 600 1545 666; baseline 0.004 -20"><span class='ocrx_word' id='word_1_33' title='bbox 172 601 252 646; x_wconf 85' lang='lat' dir='ltr'><strong>nisi</strong></span> <span class='ocrx_word' id='word_1_34' title='bbox 284 602 327 646; x_wconf 89' lang='lat' dir='ltr'><strong>in</strong></span> <span class='ocrx_word' id='word_1_35' title='bbox 353 600 571 664; x_wconf 84' lang='lat' dir='ltr'><strong>baptismo</strong></span> <span class='ocrx_word' id='word_1_36' title='bbox 598 601 804 646; x_wconf 80' lang='lat' dir='ltr'><strong>Ecclesiae</strong></span> <span class='ocrx_word' id='word_1_37' title='bbox 829 601 1129 658; x_wconf 74' lang='lat' dir='ltr'><strong>remittantur,</strong></span> <span class='ocrx_word' id='word_1_38' title='bbox 1170 604 1246 666; x_wconf 91' lang='lat' dir='ltr'><strong>qui</strong></span> <span class='ocrx_word' id='word_1_39' title='bbox 1287 604 1545 651; x_wconf 83' lang='lat' dir='ltr'><strong>haercticum</strong></span> 
     </span>
     <span class='ocr_line' id='line_1_7' title="bbox 174 671 1065 734; baseline 0.002 -19"><span class='ocrx_word' id='word_1_40' title='bbox 174 688 263 716; x_wconf 91' lang='lat' dir='ltr'><strong>non</strong></span> <span class='ocrx_word' id='word_1_41' title='bbox 286 672 498 734; x_wconf 83' lang='lat' dir='ltr'><strong>baptizat,</strong></span> <span class='ocrx_word' id='word_1_42' title='bbox 520 671 740 734; x_wconf 78' lang='lat' dir='ltr'><strong>peccatori</strong></span> <span class='ocrx_word' id='word_1_43' title='bbox 758 672 1065 718; x_wconf 77' lang='lat' dir='ltr'><strong>communicat.</strong></span> 
     </span>
    </p>

    <p class='ocr_par' dir='ltr' id='par_1_4' title="bbox 168 742 1549 1648">
     <span class='ocr_line' id='line_1_8' title="bbox 234 742 1549 804; baseline 0.005 -19"><span class='ocrx_word' id='word_1_44' title='bbox 234 742 448 787; x_wconf 51' lang='lat' dir='ltr'>XXXIII.</span> <span class='ocrx_word' id='word_1_45' title='bbox 476 742 595 796; x_wconf 74' lang='lat' dir='ltr'><strong>Quid</strong></span> <span class='ocrx_word' id='word_1_46' title='bbox 623 742 693 786; x_wconf 83' lang='lat' dir='ltr'><strong>ille</strong></span> <span class='ocrx_word' id='word_1_47' title='bbox 711 744 785 804; x_wconf 87' lang='lat' dir='ltr'><strong>qui</strong></span> <span class='ocrx_word' id='word_1_48' title='bbox 808 742 892 787; x_wconf 89' lang='lat' dir='ltr'><strong>hoc</strong></span> <span class='ocrx_word' id='word_1_49' title='bbox 911 742 1086 788; x_wconf 81' lang='lat' dir='ltr'><strong>facienti</strong></span> <span class='ocrx_word' id='word_1_50' title='bbox 1108 745 1419 801; x_wconf 73' lang='lat' dir='ltr'><strong>communicat,</strong></span> <span class='ocrx_word' id='word_1_51' title='bbox 1435 764 1549 792; x_wconf 85' lang='lat' dir='ltr'><strong>non-</strong></span> 
     </span>
     <span class='ocr_line' id='line_1_9' title="bbox 170 811 1546 873; baseline 0.004 -18"><span class='ocrx_word' id='word_1_52' title='bbox 170 827 224 855; x_wconf 91' lang='lat' dir='ltr'><strong>ne</strong></span> <span class='ocrx_word' id='word_1_53' title='bbox 245 811 465 873; x_wconf 81' lang='lat' dir='ltr'><strong>peccatori</strong></span> <span class='ocrx_word' id='word_1_54' title='bbox 489 812 823 857; x_wconf 68' lang='lat' dir='ltr'><strong>communicari)</strong></span> <span class='ocrx_word' id='word_1_55' title='bbox 862 812 981 868; x_wconf 81' lang='lat' dir='ltr'><strong>Quid</strong></span> <span class='ocrx_word' id='word_1_56' title='bbox 1010 824 1148 858; x_wconf 88' lang='lat' dir='ltr'><strong>autem</strong></span> <span class='ocrx_word' id='word_1_57' title='bbox 1184 814 1302 860; x_wconf 85' lang='lat' dir='ltr'><strong>aliud</strong></span> <span class='ocrx_word' id='word_1_58' title='bbox 1328 816 1546 861; x_wconf 82' lang='lat' dir='ltr'><strong>faciebant</strong></span> 
     </span>
     <span class='ocr_line' id='line_1_10' title="bbox 170 882 1547 944; baseline 0.005 -19"><span class='ocrx_word' id='word_1_59' title='bbox 170 897 317 926; x_wconf 87' lang='lat' dir='ltr'><strong>omnes</strong></span> <span class='ocrx_word' id='word_1_60' title='bbox 354 882 605 940; x_wconf 84' lang='lat' dir='ltr'><strong>judicantes</strong></span> <span class='ocrx_word' id='word_1_61' title='bbox 646 883 860 927; x_wconf 88' lang='lat' dir='ltr'><strong>neminem</strong></span> <span class='ocrx_word' id='word_1_62' title='bbox 881 920 891 938; x_wconf 85' lang='lat'><strong>,</strong></span> <span class='ocrx_word' id='word_1_63' title='bbox 923 894 995 929; x_wconf 89' lang='lat' dir='ltr'><strong>aut</strong></span> <span class='ocrx_word' id='word_1_64' title='bbox 1035 902 1057 929; x_wconf 91' lang='lat' dir='ltr'><strong>a</strong></span> <span class='ocrx_word' id='word_1_65' title='bbox 1087 888 1187 944; x_wconf 84' lang='lat' dir='ltr'><strong>jure</strong></span> <span class='ocrx_word' id='word_1_66' title='bbox 1229 888 1547 933; x_wconf 84' lang='lat' dir='ltr'><strong>communionis</strong></span> 
     </span>
     <span class='ocr_line' id='line_1_11' title="bbox 171 952 1540 1015; baseline 0.004 -19"><span class='ocrx_word' id='word_1_67' title='bbox 171 963 414 997; x_wconf 81' lang='lat' dir='ltr'><strong>amoventes</strong></span> <span class='ocrx_word' id='word_1_68' title='bbox 450 952 619 998; x_wconf 77' lang='lat' dir='ltr'><strong>diversa</strong></span> <span class='ocrx_word' id='word_1_69' title='bbox 659 954 942 1000; x_wconf 71' lang='lat' dir='ltr'><strong>sentientem?</strong></span> <span class='ocrx_word' id='word_1_70' title='bbox 985 955 1071 1000; x_wconf 77' lang='lat' dir='ltr'><strong>Ubi</strong></span> <span class='ocrx_word' id='word_1_71' title='bbox 1096 966 1157 1000; x_wconf 88' lang='lat' dir='ltr'><strong>est</strong></span> <span class='ocrx_word' id='word_1_72' title='bbox 1185 973 1285 1015; x_wconf 82' lang='lat' dir='ltr'><strong>ergo</strong></span> <span class='ocrx_word' id='word_1_73' title='bbox 1312 957 1540 1003; x_wconf 67' lang='lat' dir='ltr'><strong>Ecclesia?</strong></span> 
     </span>
     <span class='ocr_line' id='line_1_12' title="bbox 171 1022 1544 1084; baseline 0.004 -18"><span class='ocrx_word' id='word_1_74' title='bbox 171 1022 238 1066; x_wconf 91' lang='lat' dir='ltr'><strong>An</strong></span> <span class='ocrx_word' id='word_1_75' title='bbox 270 1023 566 1084; x_wconf 85' lang='lat' dir='ltr'><strong>patientibus,</strong></span> <span class='ocrx_word' id='word_1_76' title='bbox 596 1033 636 1068; x_wconf 89' lang='lat' dir='ltr'><strong>et</strong></span> <span class='ocrx_word' id='word_1_77' title='bbox 664 1040 715 1067; x_wconf 93' lang='lat' dir='ltr'><strong>ne</strong></span> <span class='ocrx_word' id='word_1_78' title='bbox 743 1024 934 1069; x_wconf 83' lang='lat' dir='ltr'><strong>triticum</strong></span> <span class='ocrx_word' id='word_1_79' title='bbox 960 1024 1218 1081; x_wconf 70' lang='lat' dir='ltr'><strong>eradicetur,</strong></span> <span class='ocrx_word' id='word_1_80' title='bbox 1246 1027 1405 1072; x_wconf 87' lang='lat' dir='ltr'><strong>zizania</strong></span> <span class='ocrx_word' id='word_1_81' title='bbox 1430 1027 1544 1073; x_wconf 88' lang='lat' dir='ltr'><strong>tole-</strong></span> 
     </span>
     <span class='ocr_line' id='line_1_13' title="bbox 169 1092 1545 1159; baseline 0.004 -23"><span class='ocrx_word' id='word_1_82' title='bbox 169 1092 369 1136; x_wconf 81' lang='lat' dir='ltr'><strong>rantibus</strong></span> <span class='ocrx_word' id='word_1_83' title='bbox 402 1092 482 1137; x_wconf 88' lang='lat' dir='ltr'><strong>ista</strong></span> <span class='ocrx_word' id='word_1_84' title='bbox 506 1110 594 1138; x_wconf 90' lang='lat' dir='ltr'><strong>non</strong></span> <span class='ocrx_word' id='word_1_85' title='bbox 633 1093 794 1138; x_wconf 91' lang='lat' dir='ltr'><strong>obsunt</strong></span> <span class='ocrx_word' id='word_1_86' title='bbox 815 1093 830 1121; x_wconf 65' lang='grc'><strong>1</strong></span> <span class='ocrx_word' id='word_1_87' title='bbox 854 1096 872 1139; x_wconf 68' lang='lat'><strong>‘9</strong></span> <span class='ocrx_word' id='word_1_88' title='bbox 899 1094 1058 1139; x_wconf 81' lang='lat' dir='ltr'><strong>Dicant</strong></span> <span class='ocrx_word' id='word_1_89' title='bbox 1077 1112 1176 1155; x_wconf 81' lang='lat' dir='ltr'><strong>ergo</strong></span> <span class='ocrx_word' id='word_1_90' title='bbox 1201 1096 1295 1152; x_wconf 81' lang='lat' dir='ltr'><strong>isti,</strong></span> <span class='ocrx_word' id='word_1_91' title='bbox 1325 1097 1464 1159; x_wconf 85' lang='lat' dir='ltr'><strong>quise</strong></span> <span class='ocrx_word' id='word_1_92' title='bbox 1490 1098 1545 1142; x_wconf 83' lang='lat' dir='ltr'><strong>ab</strong></span> 
     </span>
     <span class='ocr_line' id='line_1_14' title="bbox 169 1162 1547 1227; baseline 0.004 -21"><span class='ocrx_word' id='word_1_93' title='bbox 169 1162 274 1207; x_wconf 88' lang='lat' dir='ltr'><strong>orbe</strong></span> <span class='ocrx_word' id='word_1_94' title='bbox 304 1173 515 1208; x_wconf 86' lang='lat' dir='ltr'><strong>terrarum</strong></span> <span class='ocrx_word' id='word_1_95' title='bbox 540 1162 698 1208; x_wconf 86' lang='lat' dir='ltr'><strong>frustra</strong></span> <span class='ocrx_word' id='word_1_96' title='bbox 733 1164 973 1227; x_wconf 86' lang='lat' dir='ltr'><strong>separando</strong></span> <span class='ocrx_word' id='word_1_97' title='bbox 1007 1165 1278 1223; x_wconf 67' lang='lat' dir='ltr'><strong>sacrilegium</strong></span> <span class='ocrx_word' id='word_1_98' title='bbox 1301 1167 1547 1212; x_wconf 81' lang='lat' dir='ltr'><strong>schiSmatis</strong></span> 
     </span>
     <span class='ocr_line' id='line_1_15' title="bbox 169 1231 1542 1300; baseline 0.003 -22"><span class='ocrx_word' id='word_1_99' title='bbox 169 1231 452 1286; x_wconf 82' lang='lat' dir='ltr'><strong>admiserunt,</strong></span> <span class='ocrx_word' id='word_1_100' title='bbox 478 1244 525 1278; x_wconf 90' lang='lat' dir='ltr'><strong>ut</strong></span> <span class='ocrx_word' id='word_1_101' title='bbox 548 1234 654 1297; x_wconf 86' lang='lat' dir='ltr'><strong>quid</strong></span> <span class='ocrx_word' id='word_1_102' title='bbox 674 1234 841 1279; x_wconf 85' lang='lat' dir='ltr'><strong>habent</strong></span> <span class='ocrx_word' id='word_1_103' title='bbox 859 1235 902 1279; x_wconf 88' lang='lat' dir='ltr'><strong>in</strong></span> <span class='ocrx_word' id='word_1_104' title='bbox 930 1251 1001 1280; x_wconf 86' lang='lat' dir='ltr'><strong>ore</strong></span> <span class='ocrx_word' id='word_1_105' title='bbox 1020 1237 1273 1281; x_wconf 86' lang='lat' dir='ltr'><strong>sententiam</strong></span> <span class='ocrx_word' id='word_1_106' title='bbox 1301 1238 1512 1300; x_wconf 61' lang='lat' dir='ltr'><strong>Cypriani</strong></span> <span class='ocrx_word' id='word_1_107' title='bbox 1532 1273 1542 1293; x_wconf 84' lang='lat'><strong>,</strong></span> 
     </span>
     <span class='ocr_line' id='line_1_16' title="bbox 169 1303 1543 1368; baseline 0.004 -21"><span class='ocrx_word' id='word_1_108' title='bbox 169 1303 243 1366; x_wconf 91' lang='lat' dir='ltr'><strong>qui</strong></span> <span class='ocrx_word' id='word_1_109' title='bbox 268 1321 356 1348; x_wconf 90' lang='lat' dir='ltr'><strong>non</strong></span> <span class='ocrx_word' id='word_1_110' title='bbox 380 1304 546 1348; x_wconf 87' lang='lat' dir='ltr'><strong>habent</strong></span> <span class='ocrx_word' id='word_1_111' title='bbox 564 1305 608 1348; x_wconf 91' lang='lat' dir='ltr'><strong>in</strong></span> <span class='ocrx_word' id='word_1_112' title='bbox 634 1305 764 1349; x_wconf 83' lang='lat' dir='ltr'><strong>corde</strong></span> <span class='ocrx_word' id='word_1_113' title='bbox 789 1306 1001 1367; x_wconf 55' lang='lat' dir='ltr'><strong>Cypriani</strong></span> <span class='ocrx_word' id='word_1_114' title='bbox 1020 1307 1309 1368; x_wconf 58' lang='lat' dir='ltr'><strong>patientiam?</strong></span> <span class='ocrx_word' id='word_1_115' title='bbox 1333 1308 1447 1352; x_wconf 87' lang='lat' dir='ltr'><strong>Huic</strong></span> <span class='ocrx_word' id='word_1_116' title='bbox 1469 1325 1543 1352; x_wconf 84' lang='lat' dir='ltr'><strong>au-</strong></span> 
     </span>
     <span class='ocr_line' id='line_1_17' title="bbox 168 1374 1542 1440; baseline 0.003 -22"><span class='ocrx_word' id='word_1_117' title='bbox 168 1383 253 1418; x_wconf 89' lang='lat' dir='ltr'><strong>tem</strong></span> <span class='ocrx_word' id='word_1_118' title='bbox 279 1374 483 1419; x_wconf 84' lang='lat' dir='ltr'><strong>Marcello</strong></span> <span class='ocrx_word' id='word_1_119' title='bbox 507 1374 793 1437; x_wconf 82' lang='lat' dir='ltr'><strong>respondetur</strong></span> <span class='ocrx_word' id='word_1_120' title='bbox 815 1392 862 1420; x_wconf 81' lang='lat' dir='ltr'><strong>ex</strong></span> <span class='ocrx_word' id='word_1_121' title='bbox 887 1375 955 1420; x_wconf 85' lang='lat' dir='ltr'><strong>his</strong></span> <span class='ocrx_word' id='word_1_122' title='bbox 979 1392 1078 1438; x_wconf 84' lang='lat' dir='ltr'><strong>quae</strong></span> <span class='ocrx_word' id='word_1_123' title='bbox 1102 1376 1155 1421; x_wconf 90' lang='lat' dir='ltr'><strong>de</strong></span> <span class='ocrx_word' id='word_1_124' title='bbox 1173 1377 1392 1440; x_wconf 86' lang='lat' dir='ltr'><strong>baptismo</strong></span> <span class='ocrx_word' id='word_1_125' title='bbox 1414 1388 1454 1422; x_wconf 89' lang='lat' dir='ltr'><strong>et</strong></span> <span class='ocrx_word' id='word_1_126' title='bbox 1473 1395 1542 1422; x_wconf 88' lang='lat' dir='ltr'><strong>re-</strong></span> 
     </span>
     <span class='ocr_line' id='line_1_18' title="bbox 168 1445 1547 1524; baseline 0.002 -35"><span class='ocrx_word' id='word_1_127' title='bbox 168 1445 366 1489; x_wconf 83' lang='lat' dir='ltr'><strong>missione</strong></span> <span class='ocrx_word' id='word_1_128' title='bbox 400 1455 679 1507; x_wconf 82' lang='lat' dir='ltr'><strong>peccatoium</strong></span> <span class='ocrx_word' id='word_1_129' title='bbox 705 1462 835 1507; x_wconf 87' lang='lat' dir='ltr'><strong>supra</strong></span> <span class='ocrx_word' id='word_1_130' title='bbox 869 1445 985 1490; x_wconf 87' lang='lat' dir='ltr'><strong>dicta</strong></span> <span class='ocrx_word' id='word_1_131' title='bbox 1010 1456 1136 1501; x_wconf 90' lang='lat' dir='ltr'><strong>sunt,</strong></span> <span class='ocrx_word' id='word_1_132' title='bbox 1166 1447 1390 1523; x_wconf 82' lang='lat' dir='ltr'><strong>quomodo</strong></span> <span class='ocrx_word' id='word_1_133' title='bbox 1411 1448 1547 1524; x_wconf 81' lang='lat' dir='ltr'><strong>possit</strong></span> 
     </span>
     <span class='ocr_line' id='line_1_19' title="bbox 168 1515 1545 1578; baseline 0.002 -19"><span class='ocrx_word' id='word_1_134' title='bbox 168 1531 254 1559; x_wconf 90' lang='lat' dir='ltr'><strong>esse</strong></span> <span class='ocrx_word' id='word_1_135' title='bbox 272 1515 547 1577; x_wconf 85' lang='lat' dir='ltr'><strong>baptismus</strong></span> <span class='ocrx_word' id='word_1_136' title='bbox 537 1532 582 1559; x_wconf 83' lang='lat' dir='ltr'><strong>in</strong></span> <span class='ocrx_word' id='word_1_137' title='bbox 596 1515 791 1570; x_wconf 79' lang='lat' dir='ltr'><strong>homine,</strong></span> <span class='ocrx_word' id='word_1_138' title='bbox 815 1516 1013 1578; x_wconf 77' lang='lat' dir='ltr'><strong>quamvis</strong></span> <span class='ocrx_word' id='word_1_139' title='bbox 1037 1533 1123 1561; x_wconf 90' lang='lat' dir='ltr'><strong>non</strong></span> <span class='ocrx_word' id='word_1_140' title='bbox 1148 1517 1200 1561; x_wconf 84' lang='lat' dir='ltr'><strong>sit</strong></span> <span class='ocrx_word' id='word_1_141' title='bbox 1223 1517 1267 1561; x_wconf 91' lang='lat' dir='ltr'><strong>in</strong></span> <span class='ocrx_word' id='word_1_142' title='bbox 1288 1533 1336 1561; x_wconf 84' lang='lat' dir='ltr'><strong>eo</strong></span> <span class='ocrx_word' id='word_1_143' title='bbox 1354 1517 1545 1562; x_wconf 88' lang='lat' dir='ltr'><strong>remissio</strong></span> 
     </span>
     <span class='ocr_line' id='line_1_20' title="bbox 168 1597 464 1648; baseline 0 -18"><span class='ocrx_word' id='word_1_144' title='bbox 168 1597 464 1648; x_wconf 83' lang='lat' dir='ltr'><strong>peccatorum.</strong></span> 
     </span>
    </p>

    <p class='ocr_par' dir='ltr' id='par_1_5' title="bbox 168 1655 1545 1857">
     <span class='ocr_line' id='line_1_21' title="bbox 234 1655 1545 1702; baseline 0.002 -2"><span class='ocrx_word' id='word_1_145' title='bbox 234 1656 435 1702; x_wconf 67' lang='lat' dir='ltr'>XXXIV.</span> <span class='ocrx_word' id='word_1_146' title='bbox 475 1656 665 1701; x_wconf 83' lang='lat' dir='ltr'><strong>Irenaeus</strong></span> <span class='ocrx_word' id='word_1_147' title='bbox 698 1656 754 1700; x_wconf 88' lang='lat' dir='ltr'><strong>ab</strong></span> <span class='ocrx_word' id='word_1_148' title='bbox 778 1655 916 1701; x_wconf 79' lang='lat' dir='ltr'><strong>[InIis</strong></span> <span class='ocrx_word' id='word_1_149' title='bbox 950 1655 1088 1701; x_wconf 87' lang='lat' dir='ltr'><strong>dixit:</strong></span> <span class='ocrx_word' id='word_1_150' title='bbox 1111 1678 1131 1698; x_wconf 86' lang='grc'>«</span> <span class='ocrx_word' id='word_1_151' title='bbox 1164 1655 1207 1701; x_wconf 86' lang='lat' dir='ltr'><strong>Si</strong></span> <span class='ocrx_word' id='word_1_152' title='bbox 1226 1656 1323 1702; x_wconf 86' lang='lat' dir='ltr'><strong>ideo</strong></span> <span class='ocrx_word' id='word_1_153' title='bbox 1352 1657 1545 1702; x_wconf 88' lang='lat' dir='ltr'><strong>Ecclesia</strong></span> 
     </span>
     <span class='ocr_line' id='line_1_22' title="bbox 168 1725 1543 1791; baseline 0.002 -21"><span class='ocrx_word' id='word_1_154' title='bbox 168 1725 422 1771; x_wconf 77' lang='lat' dir='ltr'><strong>haereticum</strong></span> <span class='ocrx_word' id='word_1_155' title='bbox 456 1743 543 1771; x_wconf 90' lang='lat' dir='ltr'><strong>non</strong></span> <span class='ocrx_word' id='word_1_156' title='bbox 575 1727 794 1789; x_wconf 86' lang='lat' dir='ltr'><strong>baptizat,</strong></span> <span class='ocrx_word' id='word_1_157' title='bbox 821 1726 940 1790; x_wconf 88' lang='lat' dir='ltr'><strong>quod</strong></span> <span class='ocrx_word' id='word_1_158' title='bbox 977 1726 1152 1772; x_wconf 84' lang='lat' dir='ltr'><strong>dicatur</strong></span> <span class='ocrx_word' id='word_1_159' title='bbox 1181 1731 1272 1786; x_wconf 87' lang='lat' dir='ltr'><strong>jam</strong></span> <span class='ocrx_word' id='word_1_160' title='bbox 1297 1728 1543 1791; x_wconf 82' lang='lat' dir='ltr'><strong>baptizatus</strong></span> 
     </span>
     <span class='ocr_line' id='line_1_23' title="bbox 168 1797 744 1857; baseline 0.002 -15"><span class='ocrx_word' id='word_1_161' title='bbox 168 1814 253 1842; x_wconf 87' lang='lat' dir='ltr'><strong>esse</strong></span> <span class='ocrx_word' id='word_1_162' title='bbox 274 1816 284 1842; x_wconf 88' lang='lat'>:</span> <span class='ocrx_word' id='word_1_163' title='bbox 312 1797 486 1843; x_wconf 82' lang='lat' dir='ltr'><strong>haeresis</strong></span> <span class='ocrx_word' id='word_1_164' title='bbox 505 1801 645 1857; x_wconf 81' lang='lat' dir='ltr'><strong>major</strong></span> <span class='ocrx_word' id='word_1_165' title='bbox 668 1809 744 1844; x_wconf 87' lang='lat' dir='ltr'><strong>est.</strong></span> 
     </span>
    </p>

    <p class='ocr_par' dir='ltr' id='par_1_6' title="bbox 167 1868 1545 2138">
     <span class='ocr_line' id='line_1_24' title="bbox 231 1868 1545 1933; baseline 0.002 -21"><span class='ocrx_word' id='word_1_166' title='bbox 231 1868 410 1914; x_wconf 63' lang='lat' dir='ltr'>XXXV.</span> <span class='ocrx_word' id='word_1_167' title='bbox 437 1868 744 1931; x_wconf 87' lang='lat' dir='ltr'><strong>Respondetur</strong></span> <span class='ocrx_word' id='word_1_168' title='bbox 767 1887 777 1913; x_wconf 71' lang='grc' dir='ltr'><strong>ι</strong></span> <span class='ocrx_word' id='word_1_169' title='bbox 811 1869 907 1914; x_wconf 88' lang='lat' dir='ltr'><strong>Hoc</strong></span> <span class='ocrx_word' id='word_1_170' title='bbox 928 1869 1060 1915; x_wconf 85' lang='lat' dir='ltr'><strong>modo</strong></span> <span class='ocrx_word' id='word_1_171' title='bbox 1082 1869 1170 1915; x_wconf 86' lang='lat' dir='ltr'><strong>dici</strong></span> <span class='ocrx_word' id='word_1_172' title='bbox 1195 1879 1336 1933; x_wconf 81' lang='lat' dir='ltr'><strong>potest</strong></span> <span class='ocrx_word' id='word_1_173' title='bbox 1351 1907 1361 1925; x_wconf 86' lang='lat'><strong>,</strong></span> <span class='ocrx_word' id='word_1_174' title='bbox 1383 1869 1415 1915; x_wconf 90' lang='lat' dir='ltr'><strong>si</strong></span> <span class='ocrx_word' id='word_1_175' title='bbox 1447 1868 1545 1915; x_wconf 87' lang='lat' dir='ltr'><strong>ideo</strong></span> 
     </span>
     <span class='ocr_line' id='line_1_25' title="bbox 169 1938 1544 2003; baseline 0.001 -21"><span class='ocrx_word' id='word_1_176' title='bbox 169 1955 344 1984; x_wconf 74' lang='lat' dir='ltr'><strong>avarum</strong></span> <span class='ocrx_word' id='word_1_177' title='bbox 377 1938 568 1984; x_wconf 85' lang='lat' dir='ltr'><strong>Ecclesia</strong></span> <span class='ocrx_word' id='word_1_178' title='bbox 589 1956 674 1984; x_wconf 84' lang='lat' dir='ltr'><strong>non</strong></span> <span class='ocrx_word' id='word_1_179' title='bbox 700 1939 921 2002; x_wconf 82' lang='lat' dir='ltr'><strong>baptizat,</strong></span> <span class='ocrx_word' id='word_1_180' title='bbox 945 1939 1064 2002; x_wconf 86' lang='lat' dir='ltr'><strong>quod</strong></span> <span class='ocrx_word' id='word_1_181' title='bbox 1091 1939 1265 1985; x_wconf 86' lang='lat' dir='ltr'><strong>dicatur</strong></span> <span class='ocrx_word' id='word_1_182' title='bbox 1282 1944 1373 1999; x_wconf 84' lang='lat' dir='ltr'><strong>jam</strong></span> <span class='ocrx_word' id='word_1_183' title='bbox 1390 1940 1544 2003; x_wconf 90' lang='lat' dir='ltr'><strong>bapti-</strong></span> 
     </span>
     <span class='ocr_line' id='line_1_26' title="bbox 168 2008 1543 2068; baseline 0.001 -15"><span class='ocrx_word' id='word_1_184' title='bbox 168 2019 284 2054; x_wconf 86' lang='lat' dir='ltr'><strong>zatus</strong></span> <span class='ocrx_word' id='word_1_185' title='bbox 299 2026 400 2062; x_wconf 85' lang='lat' dir='ltr'><strong>esse,</strong></span> <span class='ocrx_word' id='word_1_186' title='bbox 432 2008 611 2054; x_wconf 75' lang='lat' dir='ltr'><strong>avaritia</strong></span> <span class='ocrx_word' id='word_1_187' title='bbox 631 2014 768 2068; x_wconf 70' lang='lat' dir='ltr'><strong>maJ&#39;or</strong></span> <span class='ocrx_word' id='word_1_188' title='bbox 792 2019 867 2054; x_wconf 86' lang='lat' dir='ltr'><strong>est.</strong></span> <span class='ocrx_word' id='word_1_189' title='bbox 896 2011 992 2055; x_wconf 88' lang='lat' dir='ltr'><strong>Hoc</strong></span> <span class='ocrx_word' id='word_1_190' title='bbox 1012 2020 1156 2054; x_wconf 89' lang='lat' dir='ltr'><strong>autem</strong></span> <span class='ocrx_word' id='word_1_191' title='bbox 1177 2009 1331 2054; x_wconf 87' lang='lat' dir='ltr'><strong>falsum</strong></span> <span class='ocrx_word' id='word_1_192' title='bbox 1364 2020 1455 2055; x_wconf 86' lang='lat' dir='ltr'><strong>est:</strong></span> <span class='ocrx_word' id='word_1_193' title='bbox 1483 2010 1543 2054; x_wconf 88' lang='lat' dir='ltr'><strong>ita</strong></span> 
     </span>
     <span class='ocr_line' id='line_1_27' title="bbox 167 2078 474 2138; baseline 0.003 -14"><span class='ocrx_word' id='word_1_194' title='bbox 167 2095 266 2138; x_wconf 85' lang='lat' dir='ltr'><strong>ergo</strong></span> <span class='ocrx_word' id='word_1_195' title='bbox 293 2089 334 2123; x_wconf 89' lang='lat' dir='ltr'><strong>et</strong></span> <span class='ocrx_word' id='word_1_196' title='bbox 352 2078 474 2125; x_wconf 84' lang='lat' dir='ltr'><strong>illud.</strong></span> 
     </span>
    </p>

    <p class='ocr_par' dir='ltr' id='par_1_7' title="bbox 165 2148 1547 2421">
     <span class='ocr_line' id='line_1_28' title="bbox 232 2148 1547 2208; baseline 0.002 -16"><span class='ocrx_word' id='word_1_197' title='bbox 232 2149 436 2194; x_wconf 61' lang='lat' dir='ltr'>xxxvl.</span> <span class='ocrx_word' id='word_1_198' title='bbox 471 2150 665 2194; x_wconf 84' lang='lat' dir='ltr'><strong>Donatus</strong></span> <span class='ocrx_word' id='word_1_199' title='bbox 691 2167 712 2194; x_wconf 87' lang='lat' dir='ltr'><strong>a</strong></span> <span class='ocrx_word' id='word_1_200' title='bbox 740 2148 969 2193; x_wconf 87' lang='lat' dir='ltr'><strong>Cibaliana</strong></span> <span class='ocrx_word' id='word_1_201' title='bbox 995 2148 1133 2193; x_wconf 83' lang='lat' dir='ltr'><strong>dixit:</strong></span> <span class='ocrx_word' id='word_1_202' title='bbox 1159 2169 1180 2189; x_wconf 80' lang='lat' dir='ltr'><strong>c&lt;</strong></span> <span class='ocrx_word' id='word_1_203' title='bbox 1202 2149 1292 2208; x_wconf 82' lang='lat' dir='ltr'><strong>Ego</strong></span> <span class='ocrx_word' id='word_1_204' title='bbox 1313 2166 1444 2195; x_wconf 87' lang='lat' dir='ltr'><strong>unam</strong></span> <span class='ocrx_word' id='word_1_205' title='bbox 1466 2150 1547 2195; x_wconf 88' lang='lat' dir='ltr'><strong>Ec-</strong></span> 
     </span>
     <span class='ocr_line' id='line_1_29' title="bbox 168 2218 1547 2282; baseline 0.001 -18"><span class='ocrx_word' id='word_1_206' title='bbox 168 2218 340 2264; x_wconf 86' lang='lat' dir='ltr'><strong>clesiam</strong></span> <span class='ocrx_word' id='word_1_207' title='bbox 365 2228 406 2262; x_wconf 88' lang='lat' dir='ltr'><strong>et</strong></span> <span class='ocrx_word' id='word_1_208' title='bbox 430 2235 564 2264; x_wconf 86' lang='lat' dir='ltr'><strong>unum</strong></span> <span class='ocrx_word' id='word_1_209' title='bbox 591 2219 859 2282; x_wconf 85' lang='lat' dir='ltr'><strong>baptismum</strong></span> <span class='ocrx_word' id='word_1_210' title='bbox 894 2223 983 2278; x_wconf 76' lang='lat' dir='ltr'><strong>ejus</strong></span> <span class='ocrx_word' id='word_1_211' title='bbox 1010 2219 1126 2265; x_wconf 86' lang='lat' dir='ltr'><strong>novi.</strong></span> <span class='ocrx_word' id='word_1_212' title='bbox 1166 2218 1212 2264; x_wconf 84' lang='lat' dir='ltr'><strong>Si</strong></span> <span class='ocrx_word' id='word_1_213' title='bbox 1236 2230 1297 2264; x_wconf 85' lang='lat' dir='ltr'><strong>est</strong></span> <span class='ocrx_word' id='word_1_214' title='bbox 1321 2219 1396 2282; x_wconf 85' lang='lat' dir='ltr'><strong>qui</strong></span> <span class='ocrx_word' id='word_1_215' title='bbox 1429 2219 1547 2265; x_wconf 86' lang='lat' dir='ltr'><strong>dicat</strong></span> 
     </span>
     <span class='ocr_line' id='line_1_30' title="bbox 165 2288 1540 2352; baseline 0.001 -18"><span class='ocrx_word' id='word_1_216' title='bbox 165 2305 251 2334; x_wconf 87' lang='lat' dir='ltr'><strong>esse</strong></span> <span class='ocrx_word' id='word_1_217' title='bbox 273 2288 392 2352; x_wconf 89' lang='lat' dir='ltr'><strong>apud</strong></span> <span class='ocrx_word' id='word_1_218' title='bbox 410 2288 635 2335; x_wconf 77' lang='lat' dir='ltr'><strong>haereticos</strong></span> <span class='ocrx_word' id='word_1_219' title='bbox 652 2290 856 2352; x_wconf 86' lang='lat' dir='ltr'><strong>baptismi</strong></span> <span class='ocrx_word' id='word_1_220' title='bbox 887 2289 1085 2349; x_wconf 80' lang='lat' dir='ltr'><strong>gratiam,</strong></span> <span class='ocrx_word' id='word_1_221' title='bbox 1120 2300 1218 2335; x_wconf 87' lang='lat' dir='ltr'><strong>ante</strong></span> <span class='ocrx_word' id='word_1_222' title='bbox 1242 2301 1365 2335; x_wconf 86' lang='lat' dir='ltr'><strong>estut</strong></span> <span class='ocrx_word' id='word_1_223' title='bbox 1397 2300 1540 2336; x_wconf 89' lang='lat' dir='ltr'><strong>osten-</strong></span> 
     </span>
     <span class='ocr_line' id='line_1_31' title="bbox 166 2359 1039 2421; baseline -0.007 -15"><span class='ocrx_word' id='word_1_224' title='bbox 166 2359 242 2406; x_wconf 83' lang='lat' dir='ltr'><strong>dat</strong></span> <span class='ocrx_word' id='word_1_225' title='bbox 268 2370 308 2404; x_wconf 89' lang='lat' dir='ltr'><strong>et</strong></span> <span class='ocrx_word' id='word_1_226' title='bbox 332 2359 490 2421; x_wconf 82' lang='lat' dir='ltr'><strong>probet</strong></span> <span class='ocrx_word' id='word_1_227' title='bbox 510 2377 596 2405; x_wconf 83' lang='lat' dir='ltr'><strong>esse</strong></span> <span class='ocrx_word' id='word_1_228' title='bbox 618 2359 709 2405; x_wconf 83' lang='lat' dir='ltr'><strong>illie</strong></span> <span class='ocrx_word' id='word_1_229' title='bbox 737 2359 989 2406; x_wconf 83' lang='lat' dir='ltr'><strong>Ecclesiam.</strong></span> <span class='ocrx_word' id='word_1_230' title='bbox 1019 2382 1039 2400; x_wconf 71' lang='grc' dir='ltr'>υ</span> 
     </span>
    </p>

    <p class='ocr_par' dir='ltr' id='par_1_8' title="bbox 166 2429 1549 2567">
     <span class='ocr_line' id='line_1_32' title="bbox 232 2429 1549 2494; baseline 0.001 -19"><span class='ocrx_word' id='word_1_231' title='bbox 232 2430 464 2476; x_wconf 64' lang='lat' dir='ltr'>XXXVII.</span> <span class='ocrx_word' id='word_1_232' title='bbox 496 2430 610 2476; x_wconf 89' lang='lat' dir='ltr'><strong>Huic</strong></span> <span class='ocrx_word' id='word_1_233' title='bbox 633 2429 949 2494; x_wconf 78' lang='lat' dir='ltr'><strong>respondetur:</strong></span> <span class='ocrx_word' id='word_1_234' title='bbox 977 2430 1021 2475; x_wconf 84' lang='lat' dir='ltr'><strong>Si</strong></span> <span class='ocrx_word' id='word_1_235' title='bbox 1039 2429 1248 2494; x_wconf 88' lang='lat' dir='ltr'><strong>baptismi</strong></span> <span class='ocrx_word' id='word_1_236' title='bbox 1264 2431 1446 2490; x_wconf 82' lang='lat' dir='ltr'><strong>gratiam</strong></span> <span class='ocrx_word' id='word_1_237' title='bbox 1461 2430 1549 2476; x_wconf 91' lang='lat' dir='ltr'><strong>hoc</strong></span> 
     </span>
     <span class='ocr_line' id='line_1_33' title="bbox 166 2500 1548 2567; baseline 0 -19"><span class='ocrx_word' id='word_1_238' title='bbox 166 2518 251 2549; x_wconf 82' lang='lat' dir='ltr'><strong>esse</strong></span> <span class='ocrx_word' id='word_1_239' title='bbox 275 2500 382 2545; x_wconf 89' lang='lat' dir='ltr'><strong>dicis</strong></span> <span class='ocrx_word' id='word_1_240' title='bbox 407 2501 526 2563; x_wconf 82' lang='lat' dir='ltr'><strong>quod</strong></span> <span class='ocrx_word' id='word_1_241' title='bbox 544 2513 604 2548; x_wconf 89' lang='lat' dir='ltr'><strong>est</strong></span> <span class='ocrx_word' id='word_1_242' title='bbox 623 2502 887 2566; x_wconf 68' lang='lat' dir='ltr'><strong>baptismus,</strong></span> <span class='ocrx_word' id='word_1_243' title='bbox 912 2512 972 2546; x_wconf 60' lang='lat' dir='ltr'><strong>est</strong></span> <span class='ocrx_word' id='word_1_244' title='bbox 990 2501 1106 2567; x_wconf 76' lang='lat' dir='ltr'><strong>apud</strong></span> <span class='ocrx_word' id='word_1_245' title='bbox 1131 2501 1390 2548; x_wconf 80' lang='lat' dir='ltr'><strong>haereticos:</strong></span> <span class='ocrx_word' id='word_1_246' title='bbox 1417 2501 1452 2547; x_wconf 90' lang='lat' dir='ltr'><strong>si</strong></span> <span class='ocrx_word' id='word_1_247' title='bbox 1467 2517 1548 2548; x_wconf 86' lang='lat' dir='ltr'><strong>au-</strong></span> 
     </span>
    </p>

    <p class='ocr_par' dir='ltr' id='par_1_9' title="bbox 215 2583 531 2626">
     <span class='ocr_line' id='line_1_34' title="bbox 215 2583 531 2626; baseline 0.009 -12"><span class='ocrx_word' id='word_1_248' title='bbox 215 2585 223 2614; x_wconf 60' lang='lat'>3</span> <span class='ocrx_word' id='word_1_249' title='bbox 246 2583 364 2616; x_wconf 68' lang='lat' dir='ltr'><strong>Matth.</strong></span> <span class='ocrx_word' id='word_1_250' title='bbox 380 2594 451 2626; x_wconf 70' lang='lat' dir='ltr'><strong>xm,</strong></span> <span class='ocrx_word' id='word_1_251' title='bbox 474 2597 531 2625; x_wconf 79' lang='lat'><strong>29.</strong></span> 
     </span>
    </p>
   </div>
  </div>
 </body>
</html>
