1894 3154
349 227 438 273 332
769 241 804 272 s,
846 239 1091 271 Aueusrlm
1128 239 1331 272 EPISCOP1

348 317 492 367 gentes
524 316 651 370 atque
686 306 990 370 impugnantes
1028 305 1264 352 Ecclesiam
1287 306 1470 363 Christi,
1497 324 1521 352 a
1547 306 1723 353 Christo

347 377 445 440 ipso
492 376 752 432 adversarii,
777 376 832 421 ab
862 376 1080 440 Apostolis
1123 380 1212 437 ejus
1236 377 1479 423 antichristi
1501 378 1725 422 nominen-

347 458 417 493 tur
445 465 456 492 z
481 469 500 488 ›>
528 447 589 493 sic
615 446 920 510 accipiendum
944 458 1029 503 est,
1059 447 1161 510 quia
1184 458 1224 493 et
1249 447 1352 493 foris
1385 458 1427 493 et
1462 447 1578 493 intus
1602 447 1727 493 inve-

346 518 532 563 niuntur
551 517 656 562 tales
679 535 689 561 ι
714 517 1031 579 separationem
1045 528 1189 563 tamen
1209 535 1357 563 corum
1377 518 1454 581 qui
1469 518 1585 563 intus
1607 527 1725 571 sunt,

358 589 414 633 ab
440 588 553 633 illius
568 587 786 632 columbae
822 587 1088 650 perfectione
1109 598 1237 651 atque
1270 590 1451 644 unitate,
1484 605 1572 634 non
1591 588 1731 633 solum

351 660 466 704 Deus
494 658 616 704 novit
635 658 679 702 in
701 657 985 720 quibusdam,
1015 658 1089 703 sed
1110 659 1238 704 etiam
1258 659 1458 705 homines
1474 659 1518 704 in
1543 659 1731 722 quibus-

352 728 480 774 dam:
517 745 709 791 quorum
744 729 788 773 in
827 727 1051 774 manifesto
1083 730 1312 792 pessimam
1337 730 1474 775 vitam
1497 730 1733 775 confirma-

354 809 528 861 tamque
542 797 784 861 nequitiam
808 799 1036 855 intuentes,
1057 809 1098 844 et
1114 816 1207 845 eam
1221 810 1546 863 praeceptorum
1566 798 1735 844 divino-

354 886 451 915 rum
470 869 625 928 regulis
640 880 958 932 comparantes,
982 870 1230 930 intelligunt
1248 888 1383 934 quam
1405 870 1554 915 multis
1566 868 1737 914 zizaniis

357 949 399 984 et
423 939 555 1002 paleis
574 939 662 985 sive
695 938 798 984 foris
821 939 909 984 sive
931 940 1046 985 intus
1089 941 1240 1003 positis
1259 978 1270 997 ,
1297 941 1369 986 sed
1409 951 1553 985 tamen
1575 939 1620 984 in
1653 938 1738 982 fine

361 1010 627 1072 apertissime
641 1009 892 1072 separandis
913 1010 1111 1057 dicturus
1135 1022 1197 1057 est
1220 1012 1435 1057 Dominus
1456 1029 1467 1056 :
1491 1032 1509 1052 c«
1533 1007 1738 1055 Recedite

363 1100 384 1120 2>
410 1097 431 1124 a
452 1096 520 1124 me
540 1079 617 1142 qui
643 1080 883 1142 operamini
914 1080 1206 1142 iniquitatem,
1234 1091 1275 1126 et
1292 1081 1350 1126 ite
1374 1081 1418 1126 in
1443 1081 1587 1140 ignem
1611 1089 1738 1124 aeter-

369 1169 390 1191 »
419 1166 525 1194 num
549 1149 624 1211 qui
649 1159 828 1211 paratus
852 1160 913 1194 cst
925 1149 1102 1195 diabolo
1122 1161 1163 1195 et
1186 1150 1344 1210 angelis
1369 1149 1506 1210 ejus4.
1526 1171 1547 1191 >³

425 1220 547 1265 XXI.
574 1222 641 1264 De
658 1220 936 1266 conversione
961 1231 1103 1266 autem
1124 1221 1283 1267 nullius
1309 1219 1631 1283 desperandum
1650 1227 1712 1263 est
1727 1253 1738 1272 ,

364 1290 451 1336 sive
464 1288 568 1333 foris
592 1289 679 1335 sive
697 1289 814 1335 intus
829 1292 1051 1336 constituti
1075 1292 1107 1348 2,
1136 1291 1333 1354 quandiu
1351 1290 1562 1353 patientia
1583 1288 1664 1334 Dei
1688 1286 1743 1332 acl

363 1360 671 1425 poenitentiam
695 1377 794 1405 eum
830 1360 1028 1417 adducit,
1075 1372 1116 1406 et
1143 1362 1289 1407 visitat
1323 1362 1369 1406 in
1394 1361 1514 1421 virga
1550 1359 1744 1405 facinora

363 1448 532 1486 eorum,
557 1441 598 1475 et
623 1431 667 1475 in
687 1430 869 1490 flagellis
894 1442 1075 1495 peccata
1107 1449 1260 1478 eorum
1275 1432 1309 1479 5.
1344 1432 1441 1477 Hoc
1476 1431 1591 1477 enim
1613 1428 1745 1474 modo

367 1500 708 1548 misericordiam
746 1518 867 1546 suam
894 1520 983 1548 non
1023 1502 1232 1566 dispergit
1264 1502 1318 1547 ab
1337 1502 1419 1557 eis,
1448 1501 1480 1547 si
1501 1511 1542 1547 et
1557 1499 1642 1563 ipsi
1665 1499 1747 1544 ali-

366 1571 544 1635 quando
556 1571 837 1617 misereantur
848 1573 1003 1618 animae
1018 1589 1106 1617 suae
1122 1573 1342 1635 placentes
1359 1572 1465 1617 Deo.
1494 1571 1618 1629 Sicut
1633 1569 1747 1613 enim

368 1643 511 1688 bonus
534 1642 610 1705 qui
627 1644 967 1705 perseveraverit
987 1643 1184 1706 usquein
1207 1644 1358 1698 finem,
1382 1642 1457 1687 hic
1485 1641 1625 1686 salvus
1642 1639 1746 1691 erit3

370 1714 429 1759 sic
447 1723 488 1758 et
504 1712 643 1758 malus
668 1713 754 1758 sive
772 1713 876 1759 foris
894 1714 981 1760 sive
1008 1715 1142 1770 intus,
1169 1714 1247 1776 qui
1267 1710 1599 1776 perseveraverit
1616 1725 1751 1772 usque

370 1784 416 1828 in
436 1784 565 1828 finem
586 1782 727 1828 salvus
747 1800 835 1828 non
851 1784 944 1830 erit.
973 1784 1123 1847 Neque
1145 1800 1233 1830 non
1256 1783 1442 1828 dicimus
1462 1780 1582 1844 quod
1600 1799 1620 1821 <c
1636 1777 1752 1824 Ubi-

373 1870 559 1915 cumque
586 1863 628 1897 et
653 1854 1069 1918 quomodocumque
1090 1854 1304 1917 baptizati
1336 1853 1517 1913 gratiam
1543 1847 1754 1913 baptismi

373 1944 392 1964 »
419 1933 766 1985 consequuntur,
789 1945 808 1964 »
835 1925 869 1968 si
889 1925 1026 1983 gratia
1049 1925 1259 1986 baptismi
1281 1924 1327 1968 in
1349 1923 1443 1985 ipsa
1467 1921 1603 1966 salute
1623 1917 1754 1964 intel-

378 1993 546 2052 ligitur,
571 2009 670 2054 quae
687 2010 765 2055 per
786 1993 1120 2038 celebrationem
1140 1992 1398 2040 sacramenti
1416 1990 1661 2037 confertur:
1682 1986 1755 2032 sed

376 2062 491 2107 hauc
513 2061 692 2106 salutem
720 2061 847 2107 multi
864 2080 941 2108 nec
965 2063 1080 2108 intus
1099 2072 1444 2125 consequuntur,
1467 2058 1667 2124 quamvis
1684 2074 1754 2102 sa-

377 2142 649 2177 cramentum
669 2131 789 2195 quod
807 2149 884 2196 per
899 2150 941 2178 se
958 2143 1155 2178 sanctum
1179 2142 1258 2188 est,
1287 2148 1357 2176 eos
1378 2130 1542 2176 habere
1555 2126 1756 2174 manifes-

379 2213 473 2247 tum
493 2202 560 2248 sit.
585 2223 605 2244 c<
630 2204 764 2247 Recte
787 2203 935 2266 itaque
959 2204 1173 2249 Dominus
1196 2220 1274 2248 nos
1300 2201 1502 2247 admonet
1531 2199 1577 2244 in
1608 2200 1758 2244 Evan-

380 2294 400 2313 »
420 2272 546 2331 gelio,
563 2290 615 2318 ne
629 2274 946 2319 consentiamus
958 2274 1066 2319 male
1078 2273 1380 2327 suadentibus,
1409 2270 1483 2317 secl
1495 2270 1578 2315 sub
1592 2266 1757 2314 Christi

377 2364 396 2384 n
424 2343 597 2387 nomine
633 2343 964 2389 ambulantibus
981 2343 999 2372 4
1031 2362 1041 2388 :
1073 2365 1092 2385 »
1113 2343 1186 2388 sed
1210 2343 1258 2387 hi
1282 2353 1324 2387 et
1354 2341 1471 2386 intus
1495 2350 1536 2384 et
1557 2337 1659 2383 foris
1682 2337 1755 2381 in-

375 2412 634 2466 veniuntur3
664 2413 767 2476 quia
791 2432 869 2460 nec
892 2414 1006 2460 foras
1030 2424 1200 2470 exeunt,
1225 2413 1306 2457 nisi
1334 2412 1456 2474 prius
1497 2410 1614 2454 intus
1648 2405 1753 2451 mali

426 2508 437 2529 ¹
461 2505 578 2539 Manli.
598 2519 656 2545 vu,
677 2509 732 2547 23,
751 2514 782 2539 et
796 2520 872 2553 xxv,
892 2517 948 2546 41.
965 2526 1009 2533 —-
1027 2507 1041 2530 ²
1059 2511 1152 2542 Rom.
1173 2519 1212 2552 ιι,
1230 2514 1264 2544 4·
1281 2524 1326 2531 ·-
1346 2503 1360 2528 3
1374 2505 1455 2538 P531·
1473 2513 1632 2546 LXX’Wffls
1651 2501 1756 2535 33·—

383 2557 397 2582 ‘1
415 2557 513 2590 Marc.
529 2569 607 2601 xm,
627 2571 682 2592 21.

1859 2257 1863 2314 Ι

1856 2320 1862 2443 f

1854 2479 1860 2590 i

1851 2638 1856 2756 Ξ
