1894 3154
357 244 448 300 402
782 259 817 290 s,
860 244 1102 289 Aueusr'mi
1139 256 1341 288 Episcom

357 322 469 384 »qui
488 322 728 384 operamini
748 321 1018 385 iniquitatem
1039 339 1050 367 :
1069 325 1203 384 »quae
1223 325 1311 366 tota
1333 320 1457 384 palea
1475 321 1510 366 si
1523 336 1658 383 usque
1675 320 1728 366 ad

359 392 567 437 ultimum
589 393 635 438 in
653 393 816 438 malitia
843 393 1154 456 perseverabit,
1185 393 1271 437 sive
1291 401 1387 436 ante
1406 391 1729 436 ventilationem

364 466 457 522 ejus
475 462 638 525 aliquid
664 461 778 508 foras
803 463 936 518 volet,
961 463 1048 508 sive
1067 463 1182 507 intus
1197 479 1283 506 esse
1298 461 1514 517 videatur,
1537 462 1624 521 igni
1640 461 1732 506 des-

363 532 499 577 tinata
522 542 595 578 est.
626 532 670 577 Si
697 546 795 591 ergo
826 541 1056 594 propterea
1089 531 1345 593 baptizandi
1369 542 1469 576 sunt
1493 531 1547 576 ad
1576 530 1731 577 Eccle-

363 602 469 647 siam
500 602 715 648 venientes
738 602 936 647 haeretici
954 639 965 657 ‚
997 612 1046 647 ut
1071 601 1126 646 ab
1150 601 1299 646 amicis
1325 601 1403 646 Dei
1423 602 1730 664 baptizentur3

362 671 582 734 numquid
604 671 666 717 illi
691 672 826 728 avari,
853 683 1063 735 raptores,
1090 671 1344 725 homicidae,
1373 671 1500 717 amici
1519 672 1598 717 Dei
1613 681 1731 727 sunt,

365 751 440 788 aut
455 756 564 804 quos
577 741 894 805 baptizaverint
908 742 1051 787 denuo
1069 741 1323 804 baptizandi
1342 752 1440 786 sunt
1459 744 1476 787 ἶ)

430 813 618 858 XXXII.
660 812 774 857 Felix
810 829 833 857 a
866 814 999 872 Bagai
1026 811 1164 857 dixit:
1206 811 1372 857 «Sicut
1404 828 1546 857 caecus
1569 828 1735 857 caecum

368 882 530 927 ducens
549 882 676 927 simul
696 883 741 927 in
764 881 930 927 foveam
945 882 1128 937 cadunt,
1148 882 1207 927 ita
1228 882 1460 927 haereticus
1480 882 1737 927 haereticum

370 952 599 1015 baptizans
615 952 746 997 simul
765 953 810 997 in
834 963 1019 997 mortem
1046 952 1212 997 cadunt
1237 952 1270 998 2.
1290 972 1311 993 ))

434 1024 645 1070 XXXIII.
682 1023 777 1068 Hoc
794 1040 944 1068 verum
969 1033 1047 1077 est,
1075 1022 1248 1068 sednon
1266 1033 1497 1085 propterea
1513 1038 1663 1067 verum
1683 1030 1743 1065 est

371 1092 491 1154 quod
524 1093 721 1151 adjungit
749 1110 759 1136 :
793 1113 813 1133 α
835 1094 892 1138 Et
914 1092 1010 1137 ideo
1032 1130 1043 1148 ,
1066 1092 1209 1155 inquit
1225 1129 1235 1147 ,
1262 1093 1495 1137 baereticus
1518 1092 1744 1154 baptizan-

372 1161 454 1206 dus
475 1172 515 1206 et
532 1162 838 1217 vivificandus²
858 1179 912 1207 uc
925 1178 1001 1207 nos
1020 1162 1109 1207 vivi
1129 1162 1313 1206 mortuis
1328 1162 1745 1207 communicemus.»

373 1231 528 1277 Nonne
555 1234 717 1277 mortui
741 1243 864 1277 erant
884 1233 960 1295 qui
985 1232 1191 1277 dicebant
1214 1249 1225 1278 ε
1252 1253 1271 1272 «
1294 1232 1606 1277 Manducemus
1627 1242 1666 1276 et
1682 1231 1745 1275 bi-

374 1322 395 1343 s>
418 1301 592 1358 bamus,
615 1320 707 1348 cras
738 1303 852 1347 enim
878 1303 1114 1347 moriemur
1135 1302 1185 1348 3?
1206 1326 1221 1341 n
1254 1303 1352 1347 Non
1380 1303 1492 1348 enim
1513 1301 1750 1347 credebant

374 1371 730 1417 resurrectionem
756 1383 1046 1417 mortuorum.
1079 1372 1167 1427 Qui
1199 1389 1297 1430 ergo
1320 1372 1502 1417 istorum
1527 1370 1752 1433 colloquiis

374 1440 498 1485 malis
524 1442 925 1503 corrumpebantur
946 1452 987 1486 et
1005 1458 1075 1486 eos
1095 1442 1403 1504 sequebantur,
1434 1459 1577 1486 nonne
1592 1441 1755 1504 pariter

379 1527 481 1556 cum
505 1511 562 1556 eis
595 1511 639 1556 in
661 1511 828 1557 foveam
859 1512 1116 1557 cadebant?
1149 1522 1190 1556 et
1218 1512 1262 1556 iu
1291 1513 1349 1556 cis
1377 1523 1520 1557 tamen
1547 1522 1667 1557 erant
1688 1510 1755 1555 isti

378 1579 540 1642 quibus
559 1581 778 1626 scribebat
796 1581 1030 1643 Apostolus
1043 1585 1132 1640 jam
1144 1582 1391 1644 baptizatis,
1413 1599 1491 1627 nec
1503 1593 1647 1627 tamen
1661 1581 1756 1625 idco

382 1651 419 1695 si
431 1651 747 1711 corrigerentur
757 1651 899 1697 denuo
918 1653 1268 1714 baptizarentur.
1283 1654 1435 1697 Nonne
1451 1653 1564 1697 idem
1573 1654 1760 1714 Aposto-

385 1720 453 1766 lus
477 1722 563 1766 ait:
587 1743 607 1763 c<
626 1722 785 1785 Sapere
803 1723 1041 1768 secundum
1063 1740 1236 1767 carnem
1267 1740 1380 1768 mors
1404 1734 1463 1768 est
1481 1723 1530 1767 ⁵1³
1557 1747 1571 1761 »
1600 1724 1655 1767 Et
1673 1721 1760 1766 uti-

390 1808 474 1853 que
499 1793 737 1838 secundum
763 1810 936 1838 carnem
958 1794 1185 1856 sapiebant
1210 1794 1338 1849 avari,
1363 1793 1646 1848 fraudatores,
1667 1809 1767 1854 rap-

392 1871 523 1917 tores,
546 1862 659 1907 inter
682 1880 790 1925 quos
815 1864 1013 1922 gemebat
1038 1864 1128 1926 ipse
1148 1865 1409 1926 Cyprianus.
1444 1862 1565 1919 Quid
1584 1879 1683 1921 ergo
1704 1861 1766 1906 iili

392 1931 440 1976 in
463 1933 628 1977 unitate
653 1933 814 1978 viventi
839 1934 1022 1977 oberant
1046 1936 1236 1979 mortui?
1268 1937 1357 1979 Aut
1387 1934 1484 1995 quis
1510 1933 1628 1978 dicat
1651 1933 1768 1993 bap-

392 2001 570 2045 tisinum
595 2002 761 2047 Christi
793 2002 912 2065 quod
944 2002 1048 2047 tales
1079 2002 1291 2047 haberent
1315 2003 1382 2048 vel
1411 2003 1580 2058 darent,
1620 2017 1768 2046 eorum

396 2071 699 2133 iniquitatibus
718 2072 846 2117 fuisse
869 2073 1079 2118 violatum
1095 2076 1113 2118 ῗ.)

462 2143 665 2189 XXXIV.
706 2143 914 2188 Polianus
940 2161 962 2188 a
986 2143 1115 2188 Mileo
1136 2144 1272 2189 dixit:
1301 2167 1320 2185 «
1339 2146 1511 2190 Justum
1538 2155 1600 2189 est
1631 2144 1774 2189 haere-

397 2213 533 2257 ticum
557 2214 769 2276 baptizari
787 2215 832 2259 in
857 2215 1048 2259 Ecclesia
1067 2226 1226 2261 sancta.
1260 2236 1280 2256 2>

462 2284 640 2330 XXXV.
688 2284 811 2330 Nihil
835 2284 1013 2347 quidem
1041 2285 1217 2330 brevius
1240 2286 1327 2331 dici
1354 2286 1514 2348 potuit.
1556 2283 1640 2329 Sed
1666 2294 1775 2345 puto

396 2367 439 2399 et
465 2355 550 2400 hoc
574 2355 705 2402 breve
726 2368 788 2402 est
809 2375 819 2402 :
843 2361 1012 2402 ,Iustum
1032 2369 1093 2402 cst
1109 2358 1377 2421 baptismum
1397 2357 1560 2404 Christi
1585 2373 1673 2402 non
1700 2356 1778 2400 in-

394 2425 559 2472 sufflari
581 2428 626 2473 in
650 2426 842 2473 Ecclesia
866 2428 1045 2474 Christi.

456 2497 658 2544 XXXVI.
685 2498 936 2557 Theogenes
959 2498 1015 2543 ab
1041 2498 1390 2561 Hippone-regio
1410 2498 1546 2543 dixit:
1576 2518 1597 2539 c<
1617 2496 1785 2542 Secun-

429 2582 439 2603 ¹
462 2581 724 2620 Mauh.xv,14.
738 2598 783 2606 -
800 2580 815 2603 ²
835 2594 847 2613 1
866 2584 940 2616 Cor.
964 2593 1038 2617 xm.
1064 2584 1120 2616 32.
1137 2601 1181 2608 --
1201 2580 1215 2606 3
1231 2586 1324 2616 Rom.
1349 2592 1417 2619 vni,
1434 2586 1464 2615 6.

1876 1158 1879 1255 3

1872 2146 1877 2236 s

1871 2509 1875 2570 Ι

1870 2627 1874 2696 i
