1894 3154
365 231 452 293 176
778 246 813 274 s,
859 245 1100 277 emensa-rm
1135 245 1341 277 Erlscom

358 309 511 357 dixerit
529 325 614 355 esse
637 309 937 372 repetendum.
970 311 1100 357 Nulla
1127 311 1242 356 enim
1273 318 1451 369 cogente
1476 308 1726 354 necessitate

358 382 393 427 si
415 382 515 436 fiat,
545 380 672 426 alieni
699 381 887 426 muneris
916 382 1139 445 usurpatio
1162 391 1222 426 est
1247 398 1256 425 :
1285 381 1317 425 si
1337 391 1478 426 autem
1503 379 1728 423 necessitas

361 460 534 509 urgeat,
563 460 637 495 aut
656 449 826 494 nullum
844 487 856 505 ,
891 461 965 496 aut
984 451 1148 497 veniale
1173 450 1379 496 delictum
1406 460 1480 495 est.
1524 447 1608 494 Sed
1631 458 1671 492 et
1695 448 1729 492 si

359 521 481 566 nulla
502 520 750 565 necessitate
774 531 1033 583 usurpetur,
1061 532 1103 566 et
1121 539 1145 566 a
1164 520 1361 583 quolibet
1383 519 1564 565 cuilibet
1580 518 1725 572 detur,

360 589 479 653 quod
508 589 660 634 datum
678 588 810 634 fuerit
830 606 917 635 non
941 601 1084 653 potest
1104 590 1192 635 dici
1217 607 1305 634 non
1323 589 1470 634 datum
1491 626 1502 641 ,
1533 587 1731 652 quamvis

357 671 472 706 recte
504 659 591 704 dici
617 658 752 721 possit
780 658 931 705 illicite
953 660 1118 707 datum.
1152 660 1354 705 lHicitam
1380 670 1520 705 autem
1543 675 1731 720 usurpa-

358 730 520 775 tionem
537 727 714 786 corrigit
729 728 1042 783 reminiscentis
1055 741 1096 775 et
1113 729 1365 792 poenitentis
1386 730 1575 774 affectus.
1599 726 1729 784 Quod

359 799 393 844 si
418 815 508 844 non
537 797 790 853 correxerit,
819 800 1013 844 manebit
1036 800 1090 844 ad
1115 816 1295 862 poenam
1319 799 1588 862 usurpatoris
1612 796 1732 860 quod

362 869 515 914 datum
531 877 593 912 est
610 903 621 922 ,
650 866 718 911 vel
735 870 826 926 ejus
852 868 930 930 qui
952 868 1101 914 illicite
1123 868 1265 924 dedit,
1290 868 1357 914 vel
1383 872 1472 928 ejus
1490 868 1565 930 qui
1585 866 1733 912 illicite

363 938 530 1000 accepit
551 954 561 981 ι
584 953 672 981 non
692 947 836 982 tamen
861 955 943 1000 pro
962 956 1050 985 non
1071 939 1174 985 dato
1194 939 1432 984 habebitur
1450 959 1460 992 ;
1485 954 1623 1000 neque
1643 937 1732 982 ullo

358 1009 489 1054 modo
514 1024 592 1070 per
618 1006 824 1052 devotum
849 1009 1028 1054 militem
1048 1047 1058 1065 ,
1086 1009 1203 1072 quod
1225 1027 1247 1053 a
1268 1009 1450 1071 privatis
1473 1018 1731 1070 usurpatum

360 1088 445 1133 est,
474 1077 645 1136 signum
670 1076 809 1135 regale
833 1078 1084 1125 violabitur.
1126 1079 1171 1124 Si
1204 1079 1319 1123 enim
1351 1078 1485 1140 aliqui
1515 1077 1666 1122 furtim
1693 1088 1734 1122 et

362 1158 476 1193 extra
497 1145 716 1201 ordinem,
737 1146 781 1190 in
799 1148 984 1193 monetis
1002 1148 1192 1210 publicis
1212 1164 1384 1202 aurum,
1405 1147 1472 1193 vel
1489 1157 1731 1206 argentum,

361 1217 427 1263 vel
441 1234 498 1262 aes
516 1215 800 1278 percutiendo
819 1216 1105 1276 signaverint,
1128 1235 1229 1263 cum
1250 1217 1381 1263 fuerit
1395 1216 1729 1280 deprehensum,

361 1303 503 1331 nonne
523 1284 605 1329 illis
628 1284 796 1346 punitis
813 1322 825 1341 ,
855 1297 929 1331 aut
963 1286 1233 1345 indulgentia
1257 1286 1448 1332 liberatis
1465 1323 1476 1342 ,
1510 1287 1735 1346 cognitum
1777 1320 1780 1321 γ

359 1355 500 1415 regale
533 1354 702 1412 signum
742 1354 954 1401 thesauris
988 1357 1204 1416 regalibus
1245 1359 1530 1416 congeretur?
1574 1358 1662 1401 Aut
1701 1355 1735 1400 si

360 1427 591 1489 quisquam
608 1460 618 1478 ,
646 1423 732 1467 sive
756 1423 970 1482 desertor,
1001 1427 1087 1472 sive
1110 1428 1186 1489 qui
1210 1443 1435 1489 nunquam
1455 1427 1631 1472 omnino
1656 1426 1735 1470 mi-

362 1494 530 1550 litavit,
550 1503 654 1538 nota
674 1492 846 1538 militari
864 1496 1085 1557 privatum
1106 1496 1292 1559 aliquem
1313 1497 1474 1555 signet,
1495 1513 1637 1541 nonne
1658 1494 1733 1540 ubi
1751 1510 1756 1512 “

362 1565 492 1611 fuerit
516 1563 835 1626 deprehensus,
861 1565 932 1610 ille
958 1566 1149 1626 signatus
1172 1583 1253 1629 pro
1277 1566 1490 1612 desertore
1520 1566 1704 1629 punitur
1720 1603 1730 1621 ‚

361 1647 403 1682 et
419 1652 467 1680 eo
487 1633 657 1693 gravius
681 1649 771 1696 quo
791 1635 972 1696 probari
994 1636 1187 1699 potuerit
1210 1652 1434 1700 nunquam
1456 1636 1633 1681 omnino
1647 1635 1734 1680 mi-

359 1706 526 1760 litasse,
553 1701 681 1747 simul
702 1719 848 1748 secum
877 1707 1034 1767 punito
1053 1742 1064 1762 ‚
1097 1707 1130 1751 si
1167 1723 1265 1751 eum
1295 1706 1565 1769 prodiderit,
1594 1705 1733 1750 auda-

360 1775 530 1822 cissimo
550 1774 794 1832 signatore?
821 1775 909 1820 Aut
932 1776 965 1821 si
987 1775 1096 1822 forte
1112 1776 1237 1822 illum
1256 1776 1422 1822 militiae
1439 1776 1733 1821 characterem

359 1847 407 1892 in
423 1860 604 1907 corpore
629 1859 728 1899 su0,
755 1860 844 1888 non
867 1845 1056 1891 militans
1079 1846 1266 1908 pavidus
1288 1846 1581 1901 exhorruerit,
1613 1856 1654 1889 et
1679 1844 1734 1890 ad

364 1914 638 1961 clementiam
663 1914 943 1975 Imperatoris
968 1916 1238 1975 confugerit,
1266 1933 1316 1961 ac
1335 1933 1463 1979 prece
1483 1916 1576 1961 fusa
1599 1926 1640 1960 et
1657 1916 1736 1960 im-

362 1995 530 2048 petrata
538 1987 631 2042 jam
645 1984 768 2029 Venia
787 1983 973 2031 militare
986 1990 1076 2045 jam
1093 1986 1299 2049 coeperit,
1321 1986 1535 2048 numquid
1556 1986 1733 2031 homine

360 2056 546 2101 liberato
578 2063 705 2116 atque
734 2065 928 2099 correcto
965 2056 1193 2101 character
1216 2056 1286 2101 ille
1316 2057 1547 2119 repetitur,
1576 2073 1624 2101 ac
1644 2072 1733 2100 non

361 2125 507 2188 potius
529 2123 700 2181 agnitus
730 2124 1037 2185 approbatur?
1065 2128 1129 2171 An
1160 2125 1268 2171 forte
1298 2127 1439 2172 minus
1467 2126 1637 2171 haerent
1662 2142 1732 2170 sa-

361 2202 580 2240 cramenta
607 2190 858 2237 Christiana
878 2229 888 2248 ,
913 2210 1043 2256 quam
1074 2195 1314 2257 corporalis
1349 2196 1446 2240 haec
1474 2206 1576 2240 nota
1594 2231 1604 2250 ,
1631 2211 1733 2239 culn

358 2263 582 2309 videamus
599 2277 678 2305 nec
697 2271 914 2323 apostatas
933 2280 1078 2308 carere
1095 2264 1378 2326 baptismate,
1399 2265 1561 2328 quibus
1584 2264 1733 2326 utique

358 2350 437 2396 per
469 2331 774 2395 poenitentiam
808 2332 1091 2379 redeuntibus
1127 2351 1214 2379 non
1250 2336 1521 2390 restituitur,
1559 2345 1602 2379 et
1634 2334 1730 2379 ideo

360 2403 499 2448 amitti
517 2418 603 2446 non
623 2417 746 2463 posse
762 2402 1016 2460 judicatur?
1042 2406 1109 2450 An
1139 2404 1339 2450 ducenda
1360 2405 1412 2449 de
1432 2405 1586 2449 militia
1609 2404 1732 2449 simi-

356 2472 498 2519 litudo
518 2487 606 2515 non
622 2470 706 2515 fuit
721 2507 732 2526 ,
757 2488 858 2517 cum
875 2485 917 2519 et
937 2475 1170 2538 Apostolus
1190 2475 1242 2520 de
1263 2475 1508 2535 agonisticis
1527 2474 1731 2519 certami-

357 2543 488 2590 nibus
512 2539 670 2587 clamet
685 2551 726 2587 et
747 2554 891 2604 aperte
918 2544 1035 2591 dicat
1056 2563 1066 2590 :
1102 2567 1122 2588 <‹
1145 2546 1283 2591 Nemo
1308 2544 1498 2591 militans
1518 2547 1612 2590 Deo
1642 2544 1730 2589 im-
