1894 3154
295 303 384 349 292
715 296 749 325 S.
795 293 1037 324 AL'GUS'HNI
1074 293 1275 324 EPISCOPI

291 384 349 412 an
375 365 472 411 ideo
493 364 578 410 sint
602 360 789 416 admissi,
818 360 920 423 quia
942 359 1006 404 illi
1027 358 1104 422 qui
1145 357 1449 412 admittebant,
1485 374 1555 403 eos
1577 358 1663 403 ha-

289 435 394 482 bere
412 434 680 498 baptismum
700 430 1016 489 intelligebant,
1045 446 1141 474 mox
1164 427 1544 474 considerabimus,
1574 427 1662 473 Ve-

285 516 531 551 rumtamen
556 519 655 566 quae
689 500 840 546 soleret
871 516 956 544 esse
994 499 1198 545 Ecclesiae
1233 499 1518 554 consuetudo,
1561 499 1662 544 satis

286 575 402 621 idem
422 574 671 637 Cyprianus
690 569 894 625 ostendit,
918 569 996 632 qui
1021 569 1106 613 ait:
1130 569 1181 613 In
1203 569 1473 631 praeteritum
1492 569 1545 614 de
1568 568 1662 614 hae-

285 646 365 691 resi
390 644 445 690 ad
470 643 705 689 Ecclesiam
724 640 939 686 venientes
958 639 1046 684 sine
1067 639 1287 702 baptismo
1304 639 1521 686 admissos.
1551 659 1570 681 >2

351 714 476 761 VIII.
508 712 627 758 Dicit
650 711 779 756 etiam
801 710 845 756 in
881 709 976 772 ipso
1016 708 1202 754 concilio
1232 709 1385 755 Castus
1417 709 1657 756 Siccensis:

285 806 307 827 «
333 785 422 842 Qui
442 792 694 846 contempta
711 780 888 827 veritate
902 780 1128 844 praesumit
1145 779 1500 826 consuetudinem
1520 780 1659 843 sequi,

287 869 362 901 aut
384 855 501 901 circa
523 853 676 899 fratres
699 852 873 898 invidus
905 861 967 896 est
989 861 1031 895 et
1054 850 1267 910 malignus
1286 888 1296 907 ,
1324 851 1486 914 quibus
1509 851 1664 897 veritas

284 925 515 981 revelatur,
539 935 614 970 aut
633 923 750 969 circa
768 924 908 968 Deum
924 921 1117 981 ingratus
1134 932 1212 977 est,
1236 925 1306 981 cuj
1316 938 1362 967 us
1380 921 1664 985 inspiratione

285 996 480 1042 Ecclesia
503 998 593 1056 ejus
629 994 872 1040 instruitur.
899 1014 920 1034 ³>
966 994 1124 1038 Utrum
1170 993 1325 1038 veritas
1362 993 1548 1038 revelata
1585 993 1656 1048 sit,

281 1083 381 1113 mox
404 1081 649 1129 quaeremus
665 1083 675 1110 ε
691 1076 835 1110 tamen
861 1063 987 1108 aliam
1010 1062 1138 1109 fuisse
1163 1062 1369 1109 Ecclesiae
1386 1062 1662 1109 consuetudi-

281 1154 384 1183 nem
404 1136 534 1181 etiam
558 1135 635 1180 iste
652 1134 868 1180 confessus
892 1144 965 1180 est.

346 1207 424 1253 IX.
461 1205 580 1252 Dicit
612 1216 653 1251 et
673 1205 858 1250 Libosus
883 1204 1087 1264 Vagensis
1114 1222 1125 1249 :
1149 1225 1169 1245 (ε
1194 1205 1246 1249 In
1284 1204 1518 1264 Evangelio
1565 1204 1658 1250 Do-

280 1277 442 1332 minus,
466 1277 557 1336 Ego
580 1293 691 1331 sum,
714 1275 886 1338 inquit,
930 1273 1116 1321 veritas1
1141 1292 1151 1319 ε
1182 1291 1270 1319 non
1298 1274 1421 1329 dixit,
1453 1275 1541 1335 Ego
1565 1291 1662 1320 sum

281 1346 565 1392 consuetudo.
594 1346 745 1409 ltaque
770 1345 958 1390 veritate·
978 1344 1245 1389 manifestata
1263 1381 1273 1397 ,
1321 1343 1446 1389 cedat
1469 1361 1662 1390 consue-

282 1417 391 1463 tudo
427 1416 615 1465 veritati.
635 1437 655 1457 >2
681 1415 814 1460 Plane
846 1414 943 1479 quis
972 1414 1146 1459 dubitet
1181 1415 1353 1459 veritati
1377 1415 1661 1460 manifestatae

279 1487 438 1533 debere
468 1485 825 1532 consuetudinem
857 1484 1038 1530 cedere?
1068 1484 1151 1530 Sed
1174 1484 1227 1529 de
1257 1484 1527 1530 manifestata
1546 1485 1662 1530 veri—

278 1569 364 1603 tate
382 1575 478 1603 mox
494 1556 743 1603 videbimus
763 1573 774 1600 ι
799 1572 916 1601 nunc
941 1565 1086 1600 tamen
1103 1566 1145 1601 et
1162 1555 1239 1601 iste
1276 1554 1402 1601 aliam
1425 1566 1662 1601 consuetu-

280 1628 427 1674 dinem
448 1627 577 1672 fuisse
599 1626 857 1673 manifestat.
1539 1617 1545 1620 ⁶

346 1700 400 1744 Χ.
421 1698 531 1742 ltem
551 1697 752 1742 Zozimus
770 1714 793 1741 a
814 1696 1026 1743 Tharassa
1043 1695 1150 1742 dixit
1171 1714 1180 1741 ε
1206 1717 1226 1737 ε(
1249 1695 1529 1741 Revelatione
1548 1695 1662 1741 facta

277 1766 471 1815 veritatis
489 1804 500 1823 ,
524 1766 650 1813 cedat
670 1783 789 1812 error
824 1768 997 1812 veritati
1018 1785 1028 1811 ;
1053 1766 1155 1829 quia
1189 1776 1229 1811 et
1253 1768 1408 1811 Petrus
1438 1766 1514 1829 qui
1539 1765 1661 1828 prius

279 1837 642 1893 circumcidebat,
664 1839 786 1882 cessit
810 1838 950 1883 Paulo
967 1838 1194 1884 veritatem
1218 1837 1493 1901 praetlicanti.
1526 1857 1547 1879 2>
1568 1837 1661 1882 'No-

281 1909 364 1954 luit
387 1907 563 1971 quidem
591 1908 668 1952 iste
714 1907 856 1953 dicere
891 1907 1248 1953 consuetudinem
1273 1944 1284 1963 ,
1329 1906 1402 1952 sed
1438 1923 1656 1952 errorem:

279 1987 578 2025 verumtamen
595 1993 695 2043 cum
714 1976 821 2022 dicit
841 1994 851 2022 :
875 1977 990 2033 Quia
1010 1988 1053 2022 et
1071 1978 1223 2022 Petrus
1243 1976 1317 2040 qui
1333 1976 1454 2039 prius
1478 1976 1662 2021 circum-

279 2073 300 2094 »
325 2049 517 2103 cidelmt,
539 2048 664 2093 cessit
690 2049 826 2094 Paulo
848 2049 1070 2094 veritatem
1089 2047 1400 2111 praedicanti2‚
1426 2069 1446 2089 »
1471 2047 1568 2092 satis
1588 2047 1660 2091 in-

279 2122 397 2167 dicat
428 2117 549 2182 quod
569 2118 686 2163 aliud
707 2120 836 2164 etiam
868 2118 921 2164 de
953 2118 1172 2181 baptismo
1197 2118 1287 2163 fieri
1315 2117 1493 2163 solebat.
1517 2116 1659 2162 Simul

275 2204 319 2239 et
353 2190 557 2236 admonet
588 2205 681 2243 nos,
724 2206 812 2234 nou
848 2188 1261 2252 fuisseimpossibile
1283 2199 1331 2233 ut
1364 2187 1416 2232 de
1437 2187 1659 2250 baptismo

276 2261 524 2325 Cyprianus
549 2258 715 2322 aliquid
741 2259 861 2305 aliter
885 2270 1049 2322 saperet
1064 2276 1191 2322 quam
1217 2259 1371 2304 veritas
1389 2256 1655 2320 postulabat,

279 2349 380 2396 quae
410 2331 465 2375 ab
497 2329 689 2375 Ecclesia
713 2340 754 2374 et
778 2341 874 2375 ante
902 2330 1024 2375 illum
1045 2340 1202 2392 etpost
1227 2329 1351 2374 illum
1389 2337 1552 2372 retenta
1576 2337 1655 2381 est,

279 2406 312 2450 si
332 2401 478 2466 potuit
512 2399 677 2462 aliquid
698 2400 823 2445 etiam
850 2402 1002 2446 Petrus
1030 2400 1152 2447 aliter
1176 2416 1325 2462 sapere
1343 2415 1473 2461 quam
1499 2397 1657 2443 veritas

273 2473 486 2526 habebat,
503 2487 633 2533 quam
659 2471 793 2517 Paulo
814 2472 1010 2535 apostolo
1031 2470 1208 2517 doctore
1231 2469 1482 2515 didicimus.

345 2547 423 2591 xl.
466 2542 573 2591 Item
604 2541 718 2586 Felix
743 2560 766 2586 a
786 2542 1012 2588 Buslaceni
1043 2542 1174 2588 dixit:
1200 2562 1219 2583 «
1240 2542 1292 2586 ln
1323 2537 1538 2585 haereticis
1569 2536 1658 2583 sine

326 2636 542 2668 1Joan.x1x‚
562 2630 592 2662 6.
608 2647 651 2654 —·
667 2627 681 2649 ‘²
697 2630 802 2661 Galat.
823 2641 856 2674 11¹
881 2640 936 2663 11.
