1894 3154
574 270 629 299 DE
664 267 919 309 TRINITATE,
958 262 1046 300 me.
1087 269 1159 300 xv.
1302 304 1305 307 ,
1511 258 1569 321 73

200 339 305 385 dum
322 338 366 383 in
392 335 662 395 cogitationis
680 333 842 380 visione
864 333 1103 380 formatum
1129 337 1222 380 est?
1243 334 1474 392 Quomodo
1492 341 1574 385 erit

199 408 335 454 simile
358 405 546 451 seientiae
579 404 632 450 de
664 421 749 467 qua
774 403 992 462 nascitur,
1028 406 1060 451 si
1079 409 1172 465 ejus
1202 421 1290 451 non
1319 406 1456 453 habet
1477 408 1572 454 for-

202 494 339 531 mam,
368 486 409 521 et
434 475 530 521 ideo
551 478 643 534 jam
672 484 856 520 vocatur
883 476 1068 521 verbum
1089 475 1193 540 quia
1216 487 1361 538 potest
1377 477 1573 525 habere?

202 546 306 591 Tale
323 557 384 591 est
401 546 515 591 enim
532 562 581 590 ac
601 545 635 590 si
653 544 826 590 dicatur
839 582 849 601 ,
873 544 971 591 ideo
987 550 1080 606 jam
1108 545 1352 592 vocandum
1376 564 1462 593 esse
1481 565 1575 594 ver-

201 617 310 661 bum
336 616 437 678 quia
459 625 601 679 potest
622 632 708 660 esse
731 615 931 662 verbum.
970 616 1056 662 Sed
1080 615 1189 680 quid
1210 626 1272 662 est
1288 617 1409 680 quod
1431 628 1576 681 potest

202 703 288 731 esse
316 686 500 731 verbum
520 723 531 742 ,
571 696 613 731 θῖ
644 685 740 731 ideo
768 690 858 745 jam
895 685 1078 746 dignum
1107 697 1169 732 est
1205 686 1330 733 verbi
1366 689 1576 735 nomine?

204 755 323 812 Quid
342 765 404 801 est
417 793 428 811 ,
450 757 627 819 inquam
643 793 653 811 ,
673 756 759 800 hoc
775 756 1003 802 formabile
1020 756 1302 820 nondumque
1320 756 1574 816 formatum,

204 824 285 870 nisi
306 825 517 888 quiddam
542 826 698 871 mentis
717 836 876 871 nostrae
891 863 902 883 ,
929 825 1051 890 quod
1078 826 1163 872 hae
1188 837 1317 890 atque
1339 827 1424 873 hac
1446 829 1579 874 volu-

204 895 283 939 bili
304 895 494 959 quadam
516 896 706 941 motione
721 899 936 955 jactamus
950 932 961 950 ,
994 913 1097 941 cum
1122 914 1146 942 a
1173 896 1301 941 nobis
1320 913 1440 942 nune
1458 898 1546 943 hoe
1564 935 1577 955 ‚

205 980 322 1010 nunc
352 965 461 1010 illud
482 1002 492 1019 ,
523 965 636 1010 sicut
665 965 888 1010 inventum
909 965 1041 1010 fuerit
1062 965 1130 1011 vel
1153 965 1418 1022 occurrerit,
1456 967 1580 1027 cogi-

206 1038 352 1083 tatur?
386 1036 441 1079 Et
475 1045 579 1079 tunc
616 1035 666 1079 fit
693 1051 846 1079 verum
874 1035 1057 1081 verbum
1074 1073 1085 1091 ,
1121 1035 1299 1098 quando
1327 1035 1439 1082 illud
1462 1037 1583 1100 quod

205 1124 282 1153 nos
316 1105 401 1150 dixi
433 1104 620 1150 volubili
648 1105 838 1150 motione
872 1109 1069 1165 jactare,
1107 1106 1160 1151 ad
1190 1106 1238 1152 id
1269 1106 1388 1169 quod
1423 1107 1583 1154 scimus

206 1176 426 1241 pervenit,
457 1185 585 1238 atque
609 1175 709 1220 inde
735 1174 948 1221 formatur
965 1213 976 1232 ‚
1001 1180 1091 1236 ejus
1111 1176 1407 1222 omnimodam
1427 1177 1583 1223 simili-

212 1246 402 1292 tudinem
436 1245 610 1307 capiens
633 1282 642 1298 ,
681 1255 730 1289 ut
758 1245 980 1308 quomodo
1011 1263 1076 1291 res
1113 1262 1300 1309 quaeque
1324 1246 1482 1303 scitur,
1523 1248 1585 1294 sie

208 1318 334 1361 etiam
357 1314 594 1373 cogitetur,
617 1314 659 1359 id
681 1325 764 1371 θεῖ,
790 1315 877 1360 sine
895 1332 1001 1360 voce
1017 1353 1028 1371 ‚
1051 1316 1140 1361 sine
1157 1316 1274 1361 vocis
1295 1316 1580 1376 cogitatione,

209 1403 307 1449 quae
336 1383 532 1447 profecto
564 1383 747 1443 alicujus
771 1385 934 1445 linguae
955 1396 1040 1442 est,
1075 1386 1202 1432 sicin
1225 1386 1356 1432 corde
1389 1386 1577 1434 dicatur.

211 1463 274 1502 Ac
292 1473 371 1518 per
390 1455 477 1499 hoc
501 1454 630 1499 etiam
650 1456 683 1500 si
703 1455 993 1501 concedamus
1008 1493 1020 1512 ,
1042 1474 1094 1502 ne
1123 1456 1176 1502 de
1193 1457 1484 1503 controversia
1502 1474 1584 1504 vo-

209 1525 355 1577 cabuli
377 1524 578 1570 laborare
602 1524 854 1581 videamur,
887 1529 979 1585 jam
1010 1526 1259 1572 vocandum
1292 1544 1378 1572 esse
1401 1527 1587 1573 verbum

208 1593 421 1657 quiddam
444 1593 555 1639 illud
578 1595 732 1639 mentis
750 1606 911 1640 nostrae
932 1595 1052 1658 quod
1068 1595 1121 1641 de
1138 1607 1285 1641 nostra
1305 1597 1482 1642 scientia
1499 1597 1587 1642 for-

211 1664 319 1709 mari
346 1674 488 1726 potest
505 1700 515 1718 ‚
543 1663 671 1708 etiam
697 1664 819 1727 prius
841 1681 972 1728 quam
992 1665 1230 1710 formatum
1254 1665 1332 1723 sit,
1351 1666 1453 1728 quia
1471 1670 1582 1725 jam,

213 1746 262 1781 ut
277 1735 336 1780 ita
356 1734 523 1786 dicam,
550 1734 780 1780 formabile
799 1746 860 1781 est
878 1756 889 1789 ;
915 1736 1010 1798 quis
1026 1753 1116 1781 non
1136 1735 1281 1782 videat
1298 1773 1309 1791 ‚
1330 1746 1496 1798 quanta
1511 1736 1588 1782 hic

212 1807 266 1851 sit
286 1804 591 1850 dissimilitudo
617 1806 672 1850 ab
696 1805 772 1851 illo
804 1806 885 1851 Dei
915 1806 1059 1853 Verbo
1074 1843 1085 1861 ‚
1115 1806 1236 1869 quod
1271 1807 1318 1851 in
1342 1805 1484 1851 forma
1506 1806 1590 1851 Dei

213 1875 274 1921 sic
297 1885 358 1920 est
373 1911 383 1928 ,
411 1884 459 1919 ut
479 1891 565 1919 non
587 1885 710 1919 antea
730 1874 861 1920 fuerit
880 1874 1109 1921 formabile
1130 1875 1252 1938 prius
1271 1892 1403 1939 quam
1421 1875 1590 1921 forma-

214 1957 330 2001 tum,
369 1961 448 1989 nee
473 1944 708 2008 aliquando
742 1962 828 1991 esse
857 1947 993 2009 possit
1019 1945 1234 2002 informe,
1267 1945 1340 1991 sed
1371 1945 1425 1991 sit
1449 1945 1592 1991 forma

215 2015 394 2078 simplex
416 2025 457 2060 et
476 2014 732 2078 simpliciter
751 2016 931 2079 aequalis
953 2016 1062 2062 eide
1088 2033 1176 2079 quo
1194 2027 1284 2073 est,
1310 2027 1353 2062 θῖ
1372 2016 1443 2062 cui
1460 2016 1593 2061 mira-

215 2086 360 2132 biliter
392 2095 609 2131 coaeterna
638 2089 727 2132 est?
769 2087 1052 2150 Quapropter
1077 2087 1143 2131 ita
1174 2086 1338 2132 dicitur
1367 2086 1478 2132 illud
1511 2085 1593 2131 Dei

215 2157 433 2212 Verbum,
472 2167 520 2201 ut
556 2157 635 2202 Dei
662 2158 866 2217 cogitatio
902 2176 990 2204 non
1014 2157 1213 2212 dicatur,
1236 2174 1291 2202 ne
1319 2156 1485 2220 aliquid
1508 2174 1595 2203 esse

219 2227 341 2290 quasi
367 2226 561 2272 volubile
596 2227 799 2274 credatur
833 2228 879 2273 iu
914 2232 1008 2273 Deo
1028 2264 1038 2283 ,
1073 2226 1192 2290 quod
1221 2243 1340 2272 nunc
1375 2226 1592 2290 accipiat,

217 2314 336 2343 nunc
370 2297 552 2359 recipiat
577 2296 791 2352 formam,
829 2309 878 2344 ut
913 2298 1098 2343 verbum
1136 2297 1213 2352 sit,
1251 2313 1432 2360 eamque
1457 2297 1595 2360 possit

219 2367 413 2413 amittere
431 2403 442 2423 ,
473 2376 600 2428 atque
623 2367 867 2413 informiter
887 2367 1079 2430 quodam
1098 2367 1229 2412 modo
1253 2366 1455 2413 volutari.
1481 2368 1598 2412 Bene

218 2437 385 2502 quippe
413 2448 594 2482 noverat
619 2439 749 2484 verba
769 2475 779 2494 ‚
804 2449 845 2483 et
865 2439 954 2483 vim
976 2437 1248 2497 cogitationis
1265 2437 1506 2500 inspexerat
1523 2437 1595 2482 lo-

220 2517 344 2553 cutor
367 2508 558 2566 egregius
577 2544 587 2558 ,
615 2508 691 2569 qui
721 2507 828 2553 dixit
851 2508 898 2552 in
922 2507 1111 2553 carmine
1129 2544 1139 2563 ‚
1165 2508 1409 2569 Secumque
1429 2505 1598 2552 volutat

222 2587 397 2623 eventus
429 2576 534 2621 belli
565 2576 729 2622 varios1
764 2595 775 2622 :
805 2577 850 2622 id
875 2587 953 2633 est,
983 2577 1160 2638 cogitat.
1184 2578 1284 2626 Non
1302 2593 1403 2637 ergo
1426 2575 1497 2623 ille
1516 2576 1600 2625 Dei

272 2655 283 2677 ¹
303 2653 532 2696 Virgfflueid.
550 2654 606 2687 lib.
624 2666 654 2687 x.
674 2665 756 2688 xerS.
778 2656 841 2697 159
857 2661 886 2687 et
908 2655 999 2690 160.'
