1894 3154
324 254 385 300 86
743 270 777 299 S.
820 268 1064 299 Aneusrmi
1097 268 1302 300 EP1scoP1

324 350 455 397 quam
479 344 528 379 ut
546 332 617 379 ille
639 332 812 379 dicatur
840 334 1030 379 charitas
1066 333 1271 397 proprie,
1310 333 1386 396 qui
1419 332 1608 396 Spiritus
1634 344 1698 381 est

322 403 564 449 communis
589 404 836 449 ambobus?
864 404 959 449 Hoc
980 403 1095 448 enim
1115 404 1256 448 sanius
1275 403 1469 449 creditur
1482 403 1549 450 vel
1571 403 1694 451 intel-

319 472 485 532 ligitur,
513 484 561 518 ut
586 489 675 518 non
701 472 814 518 solus
851 473 1039 535 Spiritus
1072 483 1244 517 sanctus
1274 472 1462 518 charitas
1485 473 1539 518 sit
1560 473 1604 518 in
1621 474 1696 520 illa

319 542 549 598 Trinitate,
582 542 657 588 sed
677 559 765 587 non
787 541 946 587 frustra
975 541 1152 605 proprie
1170 541 1358 587 charitas
1394 553 1690 605 nuncupetur,

320 622 500 674 propter
525 611 599 657 illa
629 629 729 676 quae
760 611 877 658 dicta
905 623 1017 659 sunt.
1051 611 1173 657 Sicut
1199 628 1288 656 non
1311 611 1424 656 solus
1456 622 1518 656 est
1546 613 1591 657 in
1619 613 1695 658 illa

319 681 550 736 Trinitate‚
574 681 642 727 vel
660 681 837 744 spiritus
854 681 919 727 vel
937 692 1125 737 sanctus,
1152 681 1255 745 quia
1278 690 1319 725 et
1348 681 1477 725 Pater
1495 681 1689 744 spiritus,

319 760 361 794 et
378 747 511 795 Filius
528 750 722 812 spiritUS,
747 761 789 795 et
802 752 932 796 Pater
951 762 1143 806 sanctus,
1159 762 1199 796 et
1220 750 1352 795 Filius
1367 762 1553 808 sanctus,
1574 751 1694 814 quod

317 829 405 864 'non
424 819 606 879 ambigit
619 820 780 882 pietas:
796 831 838 865 et
854 830 999 866 tamen
1018 820 1096 865 iste
1118 837 1206 865 non
1222 819 1380 865 frustra
1391 821 1568 883 proprie
1587 821 1694 866 dici-

318 898 390 934 tur
410 889 599 952 Spiritus
620 901 806 936 sanctus.
834 891 946 947 Quia
971 889 1085 935 enim
1108 901 1169 935 est
1193 890 1436 944 communis
1456 890 1689 947 ambobus,

317 958 363 1003 id
382 969 564 1004 vocatur
584 960 675 1023 ipse
698 961 876 1023 proprie
912 961 1032 1022 quod
1057 961 1184 1005 ambo
1222 960 1522 1006 communiter.
1568 959 1693 1006 Alio-

317 1028 423 1090 quin
439 1029 531 1074 siin
548 1029 623 1074 illa
647 1030 858 1076 Trinitate
880 1029 994 1075 solus
1010 1030 1197 1092 Spiritus
1213 1040 1384 1075 sanctus
1400 1040 1460 1075 est
1474 1030 1663 1077 charitas
1678 1067 1689 1086 ,

316 1097 512 1160 profecto
545 1109 587 1143 et
617 1099 748 1144 Filius
764 1117 853 1144 non
867 1099 996 1145 solius
1014 1101 1156 1144 Patris
1169 1137 1179 1155 ,
1206 1099 1486 1145 verumetiam
1505 1100 1693 1162 Spiritus

317 1168 455 1212 sancti
480 1167 612 1212 Filius
646 1168 883 1214 invenitur.
935 1170 1001 1214 Ita
1025 1169 1140 1214 enim
1162 1168 1267 1214 locis
1302 1168 1696 1214 innumerabilibus

314 1234 476 1281 dicitur
493 1247 534 1282 et
554 1236 711 1296 legitur
738 1237 871 1283 Filius
890 1237 1135 1297 unigenitus
1173 1239 1252 1283 Dei
1277 1238 1433 1293 Patris,
1473 1248 1519 1283 ut
1548 1248 1693 1283 tamen

314 1315 357 1350 et
371 1302 483 1352 illud
496 1323 648 1353 Verum
666 1308 719 1352 sit
738 1307 857 1370 quod
877 1307 1110 1370 Apostolus
1127 1308 1186 1353 ait
1205 1308 1258 1353 de
1276 1309 1367 1353 Deo
1386 1311 1539 1353 Patre:
1562 1328 1583 1349 «
1603 1308 1693 1364 Qui

310 1397 332 1417 »
357 1376 469 1421 eruit
487 1394 564 1422 nos
594 1376 647 1422 de
678 1388 889 1440 potestate
907 1378 1183 1423 tenebrarum
1202 1389 1243 1423 et
1266 1377 1485 1423 transtulit
1516 1377 1562 1422 in
1590 1395 1691 1437 reg-

314 1466 335 1487 »
357 1463 464 1491 num
489 1447 587 1492 Filii
609 1447 834 1493 charitatis
853 1464 941 1494 suae
959 1447 992 1494 4.
1024 1469 1045 1490 2>
1064 1449 1160 1494 Non
1179 1447 1286 1493 dixit
1300 1485 1311 1504 ,
1344 1448 1442 1493 Filii
1460 1448 1542 1505 sui,
1572 1448 1691 1511 quod

313 1516 347 1561 si
370 1516 561 1573 diceret,
587 1518 803 1563 verissime
826 1518 1010 1573 diceret,
1048 1517 1419 1581 quemadmodum
1441 1519 1545 1582 quia
1576 1535 1691 1581 saepe

314 1585 438 1642 dixit,
459 1587 674 1632 verissime
696 1586 820 1643 dixit,
847 1587 919 1633 sed
931 1588 990 1632 ait
1013 1604 1024 1632 z
1046 1609 1065 1629 «
1088 1587 1185 1633 Filii
1200 1587 1423 1633 charitatis
1455 1604 1562 1634 suae.·
1576 1609 1597 1630 »
1615 1588 1690 1633 Fi-

311 1654 393 1700 lius
413 1672 513 1715 ergo
533 1664 595 1700 est
617 1657 747 1701 etiam
778 1657 966 1719 Spiritus
992 1657 1147 1712 sancti,
1171 1659 1205 1701 si
1226 1673 1314 1702 non
1337 1668 1398 1703 est
1420 1657 1466 1703 in
1487 1657 1562 1703 illa
1587 1658 1690 1703 Tri-

311 1725 444 1770 nitate
465 1725 654 1771 charitas
672 1727 752 1771 Dei
778 1727 862 1772 nisi
879 1727 1069 1790 Spiritus
1092 1737 1278 1773 sanctus.
1313 1727 1444 1784 Quod
1474 1728 1508 1773 si
1532 1728 1690 1774 absur-

310 1795 535 1841 dissimum
559 1806 637 1852 est,
658 1806 787 1841 restat
807 1807 855 1842 ut
878 1814 966 1842 non
999 1796 1112 1842 solus
1134 1797 1198 1842 ibi
1213 1797 1268 1842 sit
1288 1797 1477 1843 charitas
1499 1798 1688 1861 Spiritus

310 1874 500 1919 sanctus,
527 1865 600 1910 sed
622 1865 905 1928 propterlilla,
923 1865 976 1911 de
990 1866 1153 1928 quibus
1172 1866 1272 1912 satis
1285 1866 1489 1923 disserui,
1511 1868 1688 1931 proprie

310 1933 370 1979 sic
393 1944 573 1980 vocetur
600 1951 611 1979 ε
635 1935 755 1998 quod
782 1945 926 1980 autem
967 1934 1135 1980 dictum
1162 1945 1223 1981 est
1245 1953 1255 1980 :
1286 1957 1307 1978 c<
1330 1936 1427 1982 Filii
1463 1937 1688 1984 charitatis

314 2023 336 2046 »
364 2018 470 2060 suae,
492 2025 512 2045 >³
538 2004 652 2056 nihil
683 2004 802 2050 aliud
826 2004 1113 2065 intelligatur,
1139 2022 1274 2069 quam
1298 2005 1394 2051 Filii
1428 2006 1493 2051 sui
1517 2005 1682 2065 dilecti,

307 2089 441 2137 quam
473 2073 571 2119 Filii
611 2071 830 2138 postremo
860 2075 1113 2121 substantiae
1154 2092 1256 2122 suae.
1302 2076 1503 2122 Charitas
1519 2077 1686 2141 quippe

308 2143 449 2188 Patris
472 2160 572 2206 quae
600 2145 648 2190 in
669 2155 821 2192 natura
842 2149 932 2206 ejus
953 2156 1016 2191 est
1038 2145 1315 2191 ineffabiliter
1337 2146 1543 2210 simplici,
1572 2147 1686 2193 nihil

304 2223 367 2258 est
388 2212 504 2258 aliud
527 2230 662 2276 quam
685 2219 774 2275 ejus
792 2216 887 2279 ipsa
903 2226 1056 2261 natura
1072 2226 1200 2279 atque
1223 2216 1464 2263 substantia
1496 2227 1545 2263 ut
1568 2234 1683 2281 saepe

299 2286 392 2341 jam
409 2282 612 2340 diximus,
641 2295 682 2330 et
698 2303 814 2349 saepe
835 2286 990 2332 iterare
1006 2302 1096 2331 non
1108 2286 1242 2349 piget.
1264 2288 1326 2331 Ac
1348 2304 1426 2350 per
1447 2287 1534 2333 hoc
1550 2287 1684 2334 Filius

303 2352 528 2398 charitatis
547 2356 636 2412 ejus
656 2355 801 2401 nullus
825 2366 888 2402 est
911 2355 1019 2401 alius
1037 2392 1049 2411 ,
1077 2372 1209 2418 quam
1245 2355 1323 2418 qui
1363 2355 1417 2401 de
1440 2356 1682 2403 substantia

306 2425 397 2481 ejus
421 2433 482 2468 est
506 2425 690 2482 genitus.

370 2492 619 2539 XXXVIII.
648 2494 868 2552 Quocirca
893 2495 1076 2543 ridenda
1098 2506 1160 2543 est
1195 2495 1422 2544 dialectica
1453 2497 1676 2556 Eunomii,

358 2573 369 2595 ¹
388 2574 513 2609 Coloss.
533 2586 560 2615 1,
582 2577 612 2609 3.
