1894 3154
305 256 401 312 244
717 269 751 298 s.
797 266 1036 298 Arcusrim
1075 267 1273 297 13r1s<20r1

306 336 416 381 cula}
440 336 556 382 hanc
581 350 710 380 unam.
745 332 880 377 multo
915 333 1216 392 grandiorem,
1245 332 1288 377 in
1317 349 1401 395 qua
1432 333 1678 379 Primianus

305 416 383 462 est,
405 407 458 451 de
473 415 646 468 recepto
669 402 1077 448 ll‘laximianistarum
1092 403 1312 465 baptismo
1332 404 1674 466 reprehendunt,

305 485 347 521 et
369 475 551 536 singulae
572 483 786 520 conantur
817 488 1022 526 asserere,
1056 472 1173 535 apud
1207 489 1248 517 se
1276 473 1578 519 tantummodo
1603 491 1679 519 ve-

304 563 401 591 rum
427 544 695 608 baptismum
720 541 969 587 remansisse
985 578 995 596 ‚
1021 559 1100 586 nec
1130 541 1308 587 omnino
1335 559 1421 587 esse
1445 542 1575 599 alibi,
1600 560 1678 590 nec

301 616 347 661 in
369 626 460 660 toto
478 614 583 660 orbe
607 624 818 658 terrarum
842 627 929 674 qua
948 611 1135 658 Ecclesia
1157 611 1374 657 catholica
1393 613 1673 676 expanditur,

302 702 382 731 nec
399 685 445 730 iu
461 684 551 748 ipsa
574 681 802 742 grandiore
819 691 942 743 parte
962 682 1119 726 Donati
1139 718 1149 737 ‚
1175 699 1254 727 nec
1276 684 1321 728 in
1338 684 1504 729 caeteris
1520 695 1679 748 praeter

302 772 344 801 se
370 771 499 800 unam
521 770 568 798 ex
592 751 889 797 minutissimis
907 751 1124 814 partibus.
1152 752 1264 807 Quae
1286 769 1433 799 omnes
1448 754 1678 817 particulae

300 824 335 871 si
375 824 595 870 advertere
631 821 847 867 voluerint
885 838 1035 867 vocem
1069 839 1156 867 non
1180 822 1396 879 hominis,
1435 824 1508 869 sed
1543 824 1678 888 ipsius

300 892 660 940 manifestissimae
677 891 870 938 veritatis
887 927 898 947 ,
920 901 962 936 et
985 892 1224 938 animosum
1251 893 1452 956 spiritum
1478 911 1565 940 suae
1582 911 1679 958 Jer-

297 964 510 1010 versitatis
534 962 734 1009 edomare
751 998 761 1018 ‚
785 978 872 1007 non
895 962 1045 1025 utique
1073 962 1126 1008 ad
1153 975 1322 1027 partem
1352 965 1508 1010 Donati
1531 969 1676 1025 majo-

297 1052 388 1080 rem
408 1071 419 1091 ,
449 1034 503 1080 de
521 1051 607 1097 qua
631 1033 813 1096 praecisa
840 1032 1037 1095 praecisae
1062 1043 1161 1078 sunt
1180 1070 1191 1089 ,
1227 1033 1300 1079 sed
1327 1034 1381 1079 ad
1410 1035 1546 1098 ipsam
1569 1035 1675 1081 viri-

299 1104 476 1150 ditatem
490 1103 649 1149 radicis
663 1102 906 1148 Catholicae
921 1102 974 1147 de
989 1103 1188 1149 ariditate
1201 1104 1380 1168 propria
1395 1115 1674 1151 revertentur.

299 1177 462 1222 Omnes
490 1174 657 1238 quippe
683 1173 752 1219 isti
785 1173 861 1219 ubi
889 1184 1039 1219 contra
1066 1192 1144 1220 nos
1177 1192 1264 1220 non
1286 1186 1413 1233 sunt,
1445 1194 1526 1240 pro
1551 1176 1677 1223 nobis

297 1257 428 1292 sunt:
455 1245 533 1291 ubi
551 1255 694 1291 autem
721 1244 951 1290 nobiscum
973 1262 1057 1290 non
1083 1245 1317 1306 colligunt,
1349 1257 1571 1310 spargunt.

363 1318 440 1363 lX.
471 1317 568 1361 Jam
587 1315 700 1360 enim
727 1331 779 1359 ne
802 1314 950 1360 videar
966 1315 1168 1361 humanis
1188 1317 1451 1376 argumentis
1467 1317 1510 1362 id
1531 1333 1669 1377 agere,

294 1386 502 1451 quoniam
527 1384 777 1448 quaestionis
801 1384 933 1444 hujus
960 1386 1203 1430 obscuritas
1226 1386 1448 1448 prioribus
1471 1386 1675 1433 Ecclesiae

299 1457 571 1521 temporibus
591 1465 689 1500 ante
709 1454 896 1500 schisma
920 1456 1083 1500 Donati
1105 1473 1281 1515 magnos
1301 1456 1415 1502 viros
1432 1493 1442 1512 ,
1463 1467 1504 1502 et
1523 1474 1675 1516 magna

296 1528 510 1573 charitate
528 1524 736 1588 praeditos
763 1534 904 1587 patres
922 1525 1148 1588 episcopos
1173 1525 1230 1570 ita
1261 1526 1371 1571 inter
1392 1544 1434 1572 se
1459 1527 1676 1590 compulit

294 1597 412 1644 salva
439 1613 547 1660 pace
567 1595 808 1658 disceptare
833 1605 963 1658 atque
994 1595 1232 1652 fluctuare,
1272 1607 1319 1642 ut
1349 1597 1425 1642 diu
1457 1597 1671 1643 concilio-

293 1685 392 1714 rum
416 1667 461 1713 in
479 1666 564 1711 suis
581 1666 830 1729 quibusque
846 1666 1095 1725 regienibus
1117 1666 1283 1712 diversa
1303 1678 1462 1713 statuta
1489 1678 1674 1715 nutave—

294 1739 380 1785 rint
395 1738 534 1784 donec
551 1736 745 1800 plenario
763 1737 892 1782 totius
907 1737 1025 1782 orbis
1040 1738 1227 1783 concilio
1260 1738 1377 1801 quod
1395 1739 1674 1786 saluberrime

294 1806 587 1854 sentiebatur1
607 1844 616 1863 ,
639 1806 767 1852 etiam
796 1808 969 1852 remotis
988 1806 1364 1862 dubitationibus,
1392 1810 1637 1854 firmaretur
1658 1827 1668 1854 ι

294 1896 341 1924 ex
367 1877 600 1937 Evangelio
621 1876 796 1939 profero
824 1887 941 1922 certa
974 1876 1234 1922 documenta
1255 1915 1264 1933 ‚
1293 1878 1454 1940 quibus
1484 1879 1672 1925 Domino

297 1949 530 2009 adjuvante
556 1946 830 2002 demonstro,
859 1963 990 2009 quam
1022 1957 1136 1992 recte
1167 1947 1384 2010 placuerit
1407 1959 1448 1993 et
1479 1965 1573 1994 vere
1603 1966 1672 1994 se-

296 2018 489 2065 cundum
513 2018 648 2062 Deum
670 2053 679 2071 ,
705 2025 752 2060 ut
768 2015 854 2061 hoc
879 2017 924 2061 in
948 2032 1168 2079 quoquam
1195 2016 1472 2077 schismatico
1493 2017 1558 2063 vel
1583 2017 1672 2063 hae-

293 2090 428 2136 retico
448 2087 735 2134 ecclesiastiea
767 2086 982 2132 medicina
1006 2097 1178 2132 curaret
1196 2124 1205 2142 ‚
1227 2087 1271 2132 in
1291 2105 1378 2151 quo
1412 2088 1587 2134 vulnere
1603 2105 1671 2133 se-

293 2159 560 2224 parabatur3
594 2156 704 2202 illud
737 2167 878 2202 autem
905 2156 1022 2220 quod
1047 2174 1196 2202 sanum
1231 2169 1441 2215 maneret,
1477 2158 1670 2218 agnitum

294 2229 441 2293 potius
466 2227 812 2290 approbaretur,
851 2243 979 2290 quam
1011 2226 1312 2290 improbatum
1350 2227 1662 2275 vulneraretur.

296 2302 423 2344 Certe
442 2297 717 2343 Dominusin
738 2297 964 2357 Evangelio
984 2297 1092 2343 dicit
1114 2315 1124 2342 :
1146 2319 1164 2338 α
1186 2298 1271 2353 Qui
1295 2316 1379 2344 non
1399 2309 1458 2344 est
1478 2316 1665 2355 mecum,

297 2394 315 2411 υ
335 2370 563 2416 adversum
579 2385 646 2413 nie
667 2379 744 2425 est,
767 2379 807 2414 et
829 2369 903 2432 qui
923 2386 1091 2414 mecum
1110 2386 1196 2414 non
1218 2369 1399 2428 colligit,
1423 2369 1626 2433 spargit2.
1649 2391 1668 2410 »

294 2442 458 2485 'samen
474 2454 572 2483 cum
595 2438 647 2482 ad
670 2454 766 2483 eum
785 2439 1001 2501 Discipuli
1016 2438 1272 2495 retulissent,
1292 2439 1447 2485 vidisse
1464 2457 1505 2484 se
1519 2456 1668 2503 quem-

293 2511 393 2556 dam
419 2509 461 2554 in
482 2511 573 2567 ejus
593 2508 767 2554 nomine
788 2508 1016 2572 pellentem
1037 2509 1253 2555 daemonia
1269 2546 1280 2566 ‚
1305 2519 1344 2555 et
1369 2509 1664 2572 prohibuisse,

338 2595 350 2616 Ι
370 2591 449 2624 vide
469 2590 549 2622 intra
570 2589 626 2623 lib.
645 2601 683 2629 11,
702 2600 736 2624 n,
766 2601 814 2622 ια,
839 2610 881 2615 -
900 2590 916 2613 2
932 2589 1037 2623 Manli
1073 2602 1133 2631 xit,
1155 2594 1205 2624 30.
