1894 3154
598 301 654 330 DE
688 300 944 341 1311111116,
983 302 1070 332 Lus.
1112 303 1186 333 xv.
1526 291 1586 352 49

213 364 356 422 Quam
381 375 525 409 tamen
548 363 608 409 516
625 363 931 422 intuebamur,
956 377 1004 411 ut
1024 383 1103 411 nec
1127 366 1252 425 longe
1281 384 1303 412 a
1320 368 1446 413 nobis
1463 380 1585 425 esset,

210 446 252 480 et
276 451 406 497 supra
424 451 501 479 nos
518 444 649 490 esset,
677 453 763 481 non
782 435 878 481 loco
894 473 905 491 ,
943 436 1015 481 sed
1039 437 1133 499 ipsa
1157 437 1223 482 sui
1246 438 1481 483 venerabili
1499 440 1587 483 mi-

209 503 427 565 rabilique
446 503 721 565 praestantia‚
755 505 816 550 ita
844 515 891 550 ut
918 505 1035 568 apud
1059 523 1137 550 nos
1165 522 1251 551 6556
1281 523 1356 552 5110
1383 508 1589 569 praesenti

207 572 372 619 lumine
393 573 626 620 videretur.
655 575 706 618 In
725 591 812 636 qua
844 585 987 620 tamen
1014 576 1141 620 nobis
1163 575 1309 621 adhuc
1340 576 1460 621 nulla
1484 577 1588 621 Tri-

208 643 319 688 nitas
340 643 603 706 apparebat,
625 643 729 706 quia
758 661 845 688 non
866 644 919 689 ad
938 661 1029 689 eam
1050 645 1333 706 quaerendam
1353 646 1399 690 in
1422 645 1589 704 fulgore

207 711 282 757 illo
306 713 475 757 firmam
496 711 651 758 mentis
675 712 810 758 aciem
842 715 1094 758 tenebamus
1125 731 1135 757 :
1172 724 1342 759 tantum
1375 715 1478 776 quia
1501 732 1589 760 non

207 793 298 828 erat
338 782 484 845 aliqua
518 782 650 828 moles
669 819 681 838 ,
723 783 801 828 ubi
827 783 950 828 credi
993 794 1213 846 oporteret
1247 785 1591 843 magnitudinem

208 852 395 898 duorum
412 851 480 898 vel
502 852 634 896 trium
651 851 749 914 plus
769 869 856 897 esse
874 869 1005 914 quam
1028 853 1155 897 unius
1175 889 1185 907 ,
1209 853 1491 897 cernebamus
1514 865 1588 898 ut—

208 939 410 984 cumque.
453 922 539 966 Sed
572 921 650 966 ubi
688 932 868 967 ventum
905 933 967 967 est
1006 923 1057 967 ad
1094 923 1373 977 charitatem,
1409 939 1509 984 quae
1546 923 1590 968 in

208 1001 355 1036 sancta
376 991 605 1053 Scriptura
625 991 739 1035 Deus
764 990 881 1036 dicta
908 1001 992 1046 651,
1031 991 1161 1036 eluxit
1185 991 1415 1054 paululum
1445 993 1594 1036 Trini-

211 1071 272 1105 tas
287 1097 298 1116 ‚
320 1060 366 1105 id
391 1071 453 1105 est
468 1096 480 1116 ,
505 1076 678 1115 31113115,
700 1069 740 1104 61
761 1060 881 1123 quod
911 1071 1106 1116 amatur,
1129 1071 1170 1106 et
1189 1060 1350 1107 amor'l.
1386 1061 1468 1106 Sed
1490 1062 1593 1124 quia

207 1129 279 1175 lux
298 1130 371 1175 illa
405 1128 636 1174 ineffabilis
665 1139 863 1175 nostrum
891 1131 1198 1176 reverberabat
1227 1131 1426 1175 obtutum
1446 1168 1456 1186 ,
1491 1141 1532 1175 et
1556 1132 1594 1176 ei

207 1199 402 1245 nondum
416 1216 539 1262 posse
552 1200 872 1260 contemperari
887 1211 1045 1245 nostrae
1066 1200 1221 1244 mentis
1240 1199 1432 1262 quodam
1456 1200 1587 1244 modo

207 1269 549 1315 convincebatur
568 1267 796 1313 infirmitas
814 1306 825 1323 ‚
860 1269 914 1314 ad
939 1269 1075 1332 ipsius
1102 1279 1260 1313 nostrae
1293 1269 1447 1313 mentis
1467 1305 1478 1324 ,
1515 1285 1584 1313 56-

207 1338 405 1384 cundum
423 1354 556 1401 quam
572 1336 710 1382 factus
734 1349 796 1383 est
819 1338 954 1383 homo
985 1338 1038 1383 ad
1060 1338 1291 1396 imaginem
1316 1338 1423 1382 Dei2
1441 1374 1451 1392 ‚
1472 1338 1590 1383 velut

205 1406 529 1454 familiariorem
547 1406 938 1453 considerationem
957 1445 968 1464 ,
989 1407 1236 1452 reficiendae·
1255 1407 1495 1451 laborantis
1517 1407 1582 1451 in-

210 1479 409 1524 tentionis
426 1494 578 1532 causa,
600 1477 713 1523 inter
730 1489 927 1541 coeptum
948 1478 1296 1541 dispositumque
1315 1477 1554 1521 refleximus
1574 1496 1583 1521 ε

208 1558 250 1593 61
265 1548 366 1594 inde
379 1548 426 1593 in
442 1557 656 1603 creatura,
680 1547 799 1609 quod
818 1564 894 1592 nos
909 1564 1074 1602 sumus,
1101 1557 1148 1591 ut
1166 1546 1400 1592 invisibilia
1416 1546 1494 1590 Dei
1512 1563 1590 1608 per

209 1635 256 1663 ea
274 1634 375 1681 quae
391 1616 508 1662 facta
526 1627 625 1661 sunt
642 1617 892 1678 conspicere
912 1615 1126 1661 intellecta
1141 1615 1390 1677 possemus³
1405 1651 1415 1669 ‚
1435 1616 1588 1659 immo-

208 1688 292 1733 rati
316 1703 464 1732 sumus
496 1703 520 1730 a
544 1702 659 1731 nono
689 1703 823 1749 usque
847 1686 902 1731 ad
927 1696 1131 1748 quartum
1159 1684 1376 1729 decimum
1401 1684 1579 1730 librum.

211 1759 268 1802 Et
281 1773 380 1802 ecce
394 1760 485 1816 jam
508 1767 723 1818 quantum
743 1773 911 1801 11666556
927 1755 1067 1800 fuerat
1081 1791 1092 1808 ‚
1116 1764 1190 1799 aut
1205 1754 1315 1798 forte
1338 1753 1436 1816 plus
1453 1770 1586 1816 quam

209 1843 376 1872 necesse
393 1825 533 1871 fuerat
547 1861 559 1881 ,
579 1825 805 1871 exercitata
828 1826 874 1871 in
897 1824 1175 1870 inferioribus
1197 1822 1480 1881 intelligentia
1496 1860 1507 1878 ,
1531 1823 1584 1868 ad

212 1913 429 1943 summam
449 1896 708 1941 Trinitatem
734 1912 834 1959 quae
855 1897 972 1941 Deus
1010 1905 1101 1951 est,
1136 1893 1489 1956 conspiciendam
1511 1910 1587 1938 nos

210 1967 367 2026 erigere
385 1965 584 2012 volumus
599 2002 610 2021 ‚
631 1982 711 2011 nec
742 1966 947 2012 valemus
986 1966 1102 2011 Num
1125 1964 1239 2009 enim
1263 1963 1376 2008 sicut
1398 1964 1586 2008 certissi-

210 2054 299 2082 mas
316 2036 512 2083 videmus
529 2035 742 2081 trinitates
755 2073 765 2091 ‚
790 2036 878 2084 sive
895 2053 995 2099 quae
1014 2035 1252 2080 forinsecus
1273 2032 1326 2078 de
1345 2033 1475 2078 rebus
1492 2050 1586 2078 cor—

208 2106 436 2170 poralibus
465 2107 604 2162 fiunt,
633 2106 721 2151 sive
750 2123 852 2151 cum
886 2123 935 2150 ea
959 2106 1056 2168 ipsa
1073 2121 1174 2168 quae
1204 2103 1440 2150 forinsecus
1465 2119 1585 2148 561153

209 2187 311 2222 511111
332 2177 603 2235 cogitantur,
630 2176 718 2222 sive
739 2192 840 2221 cum
871 2175 946 2220 illa
976 2191 1077 2238 quae
1107 2173 1308 2217 oriuntur
1337 2172 1383 2216 in
1407 2171 1552 2216 animo
1569 2209 1580 2227 ‚

208 2263 289 2291 nec
306 2246 526 2308 pertinent
545 2245 599 2290 ad
618 2246 812 2307 corporis
833 2261 976 2290 56115115
994 2280 1006 2300 ,
1029 2245 1140 2288 516111
1160 2242 1265 2287 fides
1282 2278 1293 2297 ‚
1314 2240 1424 2285 516111
1439 2241 1583 2286 virtu-

209 2326 272 2361 tes
296 2332 396 2378 quae
419 2325 520 2360 sunt
546 2325 655 2360 artes
685 2314 860 2373 agendae
884 2314 986 2360 vitae
1005 2350 1016 2368 ‚
1051 2311 1275 2357 manifesta
1300 2309 1465 2355 ratione
1487 2327 1584 2355 cer-

209 2396 375 2432 nuntur
403 2395 444 2430 et
463 2385 639 2430 scientia
663 2385 942 2430 continentur
957 2419 968 2438 ,
996 2383 1082 2427 sive
1112 2398 1212 2426 cum
1238 2396 1358 2425 mens
1378 2379 1472 2441 ipsa
1495 2396 1582 2442 qua

209 2454 408 2500 novimus
426 2453 644 2517 quidquid
660 2447 782 2499 nosse
800 2469 876 2498 nos
895 2451 1105 2498 veraciter
1129 2449 1316 2495 dicimus
1335 2486 1345 2502 ,
1373 2448 1457 2494 sibi
1476 2466 1584 2509 cog-

208 2524 299 2569 nita
321 2534 411 2580 est,
430 2523 498 2570 vel
523 2540 565 2569 se
583 2523 745 2583 cogitat
761 2560 772 2580 ‚
796 2522 882 2570 sive
906 2538 1008 2568 cum
1038 2519 1203 2584 aliquid
1228 2518 1352 2583 quod
1376 2519 1470 2582 ipsa
1493 2535 1582 2565 non

258 2608 268 2630 ¹
288 2619 300 2638 1
321 2609 418 2641 Joan.
434 2618 478 2645 xv,
497 2607 550 2638 16.
569 2623 614 2630 -
629 2605 645 2629 2
662 2609 745 2641 Gen.
758 2618 780 2647 1,
802 2617 857 2646 27.
875 2621 921 2630 -
936 2602 951 2628 3
966 2608 1062 2638 Rom.
1077 2615 1104 2649 ι,
1120 2614 1171 2636 20.

375 2672 592 2705 cxxxvm.
1406 2654 1435 2707 4
