1894 3154
328 285 379 314 oi:
417 283 636 313 BirrisMo
672 283 842 313 coxrna
883 282 1173 323 DONA'HSTAS,
1215 284 1297 315 rin.
1340 286 1370 316 1.
1447 273 1536 335 237

176 365 303 412 quem
332 366 416 394 non
436 347 580 412 potuit
599 348 794 393 amittere
819 346 892 410 qui
917 346 973 391 ab
999 346 1163 391 unitate
1186 346 1430 396 discesserat
1448 371 1458 406 3
1479 352 1541 399 sic

179 418 467 482 acceptandus
490 428 551 464 est
583 418 854 481 baptismus,
876 433 1004 481 quem
1041 416 1161 462 dedit
1184 417 1256 463 ille
1278 421 1355 482 qui
1385 422 1541 469 Sacra-

177 500 368 535 mentum
391 487 523 533 dandi
552 504 650 533 cum
679 487 919 533 discederet
938 504 1025 532 non
1054 487 1266 534 amiserat.
1300 489 1408 535 Nam
1433 491 1545 539 sicut

175 562 416 617 redeuntes,
441 562 516 624 qui
536 561 655 625 prius
672 577 800 625 quam
822 560 1066 606 recederent
1085 560 1294 623 baptizati
1312 574 1413 610 sunt
1427 601 1438 621 ,
1454 582 1543 612 non

174 631 498 694 rebaptizantur
517 649 527 676 ε
550 632 609 678 ita
631 632 855 677 redeuntes
873 668 884 687 ,
905 631 979 694 qui
1002 630 1122 693 prius
1145 647 1274 694 quam
1297 634 1545 683 recederent

177 703 363 749 ordinati
391 714 520 760 sunt,
559 721 646 750 non
682 705 830 768 utique
869 721 1017 749 rursus
1050 703 1331 760 ordinantur3
1364 707 1438 754 sed
1472 720 1547 755 aut

179 774 481 820 administrant
498 775 618 839 quod
633 773 1020 830 administrabant,
1042 775 1077 820 si
1096 774 1181 820 hoc
1203 776 1407 824 Ecclesiae
1424 780 1547 826 utili-

179 855 242 891 tas
260 845 480 909 postulat3
508 856 581 891 aut
599 846 632 891 si
655 863 742 891 non
775 845 1078 891 administrant
1095 882 1107 901 ,
1132 859 1447 895 sacramentum
1471 867 1546 896 or—

179 915 412 962 dinationis
441 933 530 962 suae
565 926 706 962 tamen
729 927 912 976 gerunt3
948 926 990 961 et
1024 915 1121 961 ideo
1162 917 1219 962 eis
1252 934 1405 965 manus
1438 920 1549 967 inter

177 987 310 1033 laicos
323 1003 410 1032 non
429 986 684 1049 imponitur.
707 987 816 1031 Nam
830 1003 966 1050 neque
990 997 1302 1033 sacramentum
1318 988 1546 1052 baptismi,

178 1073 316 1120 neque
332 1067 647 1102 sacramentum
671 1055 804 1101 dandi
830 1056 1066 1120 baptismi,
1096 1056 1272 1120 quando
1302 1059 1356 1104 ab
1372 1060 1430 1106 eis
1447 1078 1550 1107 cum

181 1127 443 1172 Maximiano
466 1126 678 1183 discessit,
705 1127 940 1173 Felicianus
964 1126 1119 1172 amisit.
1146 1128 1274 1174 Nunc
1301 1133 1417 1175 enim
1452 1147 1550 1177 eum

181 1213 327 1243 secum
353 1197 517 1242 habent
541 1214 640 1243 cum
674 1197 730 1243 eis
755 1197 882 1260 ipsis,
914 1214 1022 1261 quos
1038 1234 1049 1253 ,
1078 1214 1178 1242 cum
1206 1198 1308 1244 foris
1338 1211 1473 1255 esset,
1505 1202 1552 1247 in

181 1266 432 1313 Maximiani
459 1268 690 1313 schismate
728 1268 978 1331 baptizavit.
1011 1268 1294 1331 Quapropter
1316 1280 1554 1332 potuerunt

183 1338 239 1384 ab
259 1338 316 1383 cis
342 1338 537 1401 accipere
561 1338 706 1383 caeteri
723 1376 732 1394 ,
760 1355 860 1384 cum
884 1337 936 1383 ad
964 1349 1157 1383 nostrum
1180 1340 1445 1386 consortium
1466 1359 1553 1388 non

184 1409 477 1465 accessissent,
499 1409 616 1472 quod
638 1409 697 1454 illi
718 1427 804 1455 non
824 1410 1053 1455 amiserant
1071 1447 1080 1465 ,
1110 1426 1208 1455 cum
1234 1428 1256 1455 a
1275 1422 1420 1458 nostro
1445 1431 1554 1459 con-

184 1479 314 1525 sortio
337 1479 613 1526 recessissent.
639 1480 813 1535 Quibus
837 1480 964 1525 rebus
982 1479 1245 1536 ostenditur,
1275 1491 1316 1526 et
1334 1483 1448 1545 ipsos
1476 1483 1556 1528 im-

185 1551 255 1614 pie
276 1550 414 1595 facere
440 1551 516 1613 qui
546 1551 815 1613 rebaptizare
845 1562 1062 1596 conantur
1092 1551 1210 1596 orbis
1246 1553 1452 1600 unitatem
1471 1591 1481 1607 ‚
1515 1565 1557 1600 et

186 1637 263 1666 nos
301 1629 413 1664 recte
438 1619 685 1682 facere'qui
724 1620 801 1665 Dei
837 1630 1102 1665 sacramenta
1134 1619 1382 1683 improbare
1409 1625 1556 1669 necin

186 1691 282 1753 ipso
301 1689 532 1734 schismate
553 1689 773 1736 audemus.
794 1691 844 1734 ln
862 1706 950 1753 quo
967 1690 1080 1735 enim
1099 1690 1327 1737 nobiscum
1347 1693 1555 1751 sentiunt,

187 1760 232 1805 in
257 1776 308 1805 eo
327 1759 451 1803 etiam
474 1759 700 1804 nobiscum
727 1770 855 1804 sunt:
879 1759 920 1804 in
947 1777 995 1804 eo
1012 1770 1152 1805 autem
1180 1778 1200 1805 a
1230 1761 1357 1807 nobis
1375 1779 1560 1810 recesse-

189 1840 308 1884 runt,
336 1830 381 1875 in
405 1846 493 1893 quo
516 1847 537 1875 a
561 1829 689 1874 nobis
712 1829 981 1875 dissentiunt.
1012 1831 1110 1875 Non
1130 1830 1244 1875 enim
1270 1848 1461 1879 accessus
1482 1834 1562 1880 iste

191 1912 319 1964 atque
337 1900 545 1946 discessus
562 1899 864 1963 corporalibus
888 1901 1096 1957 motibus,
1126 1911 1167 1946 et
1186 1918 1274 1947 non
1295 1903 1564 1965 spiritalibus

190 1981 253 2016 est
270 1969 521 2016 metiendus.
560 1970 681 2015 Sicut
701 1969 814 2015 enim
849 1971 1102 2030 conjunctio
1135 1988 1371 2035 corporum
1403 1975 1452 2019 fit
1485 1993 1563 2039 per

192 2040 559 2086 continuationem
575 2039 771 2085 locorum
788 2077 799 2096 ,
827 2041 887 2085 sic
909 2040 1153 2086 animorum
1189 2041 1372 2104 quidam
1390 2055 1566 2091 contac-

192 2121 261 2156 tus
291 2120 353 2155 est
387 2109 607 2155 consensio
651 2109 942 2155 voluntatum.
974 2110 1019 2155 Si
1053 2127 1153 2170 ergo
1201 2112 1278 2174 qui
1313 2114 1483 2158 recessit
1509 2116 1565 2161 ab

193 2182 375 2235 unitate,
391 2179 555 2242 aliquid
574 2179 691 2224 aliud
713 2197 834 2240 agere
848 2179 1048 2236 voluerit,
1064 2197 1194 2242 quam
1210 2181 1328 2243 quod
1342 2182 1385 2227 in
1400 2184 1566 2230 unitate

193 2251 413 2314 percepit,
438 2250 482 2295 in
515 2267 564 2295 co
592 2250 752 2295 recedit
777 2261 904 2314 atque
933 2250 1195 2309 disjungitur
1224 2268 1234 2295 τ
1263 2252 1382 2314 quod
1423 2265 1566 2301 autem

195 2321 255 2366 ita
285 2320 380 2366 vult
410 2337 530 2379 agere
564 2319 675 2365 sicut
708 2321 752 2365 in
781 2321 944 2366 unitztt2
973 2320 1136 2379 agitur,
1166 2321 1244 2366 ubi
1276 2322 1362 2368 hoc
1402 2327 1569 2390 accepit

196 2400 239 2435 et
259 2389 414 2435 didicit
434 2427 445 2445 ,
463 2390 507 2434 in
545 2405 595 2434 eo
620 2400 764 2434 manet
791 2401 918 2452 atque
941 2390 1234 2450 conjungitur.

263 2460 345 2506 ΙΙΙ.
386 2461 538 2522 Itaque
557 2459 624 2505 isti
649 2459 695 2504 in
712 2459 980 2522 quibusdam
997 2460 1126 2505 rebus
1145 2461 1372 2508 nobiscum
1391 2477 1507 2523 sunt,
1525 2468 1571 2513 in

196 2529 461 2594 quibusdam
486 2546 586 2574 vero
614 2547 636 2573 a
655 2529 782 2574 nobis
801 2528 1006 2575 exierunt.
1042 2530 1229 2576 Proinde
1258 2532 1328 2578 illa
1349 2534 1393 2579 in
1411 2538 1572 2600 quibus

196 2600 426 2648 nobiscum
450 2610 568 2657 suut,
589 2616 658 2645 cos
674 2616 795 2660 agere
822 2616 910 2667 nou
934 2611 1127 2648 vetamus
1151 2619 1162 2647 z
1186 2602 1230 2648 in
1249 2603 1411 2667 quibus
1430 2618 1570 2655 autem
