1894 3154
272 274 327 306 DE
363 272 580 304 BAprisMo
616 272 790 304 coNTRA
824 273 1114 316 DoxArisrAs,
1156 278 1240 308 rin.
1285 279 1364 309 vii.
1439 263 1532 320 433

171 337 386 384 audiendo
421 339 551 384 verba
579 338 742 383 Christi
768 349 810 383 et
833 355 921 383 non
944 338 1159 396 faciendo,
1190 359 1275 386 esse
1295 343 1538 405 baptismus

171 411 338 472 potest?
381 419 422 453 et
443 418 584 452 tamen
604 418 676 454 est.
707 407 778 452 Sic
802 425 901 468 ergo
923 419 964 453 et
985 409 1103 471 apud
1124 410 1366 459 haereticos.

236 478 354 523 XVI.
374 477 538 522 Jadera
552 477 704 522 Midila
716 477 822 523 dixit
839 496 849 523 :
869 500 887 519 «
909 479 1079 524 Scimus
1099 497 1185 524 non
1204 498 1289 526 esse
1303 483 1383 527 nisi
1404 500 1541 530 unum

172 549 441 611 baptismum
467 548 511 592 in
541 547 730 592 Ecclesia
749 548 996 602 catholica;
1030 560 1071 595 et
1093 550 1190 595 ideo
1215 568 1300 596 non
1335 552 1543 600 debemus

176 618 404 664 admittere
427 617 704 670 haereticum,
724 618 805 662 nisi
822 618 1068 681 baptizatus
1091 619 1220 664 fuerit
1245 621 1361 683 apud
1381 640 1476 680 nos,
1493 641 1546 670 ne

175 704 217 733 se
236 697 361 750 putet
380 696 495 731 extra
517 686 751 731 Ecclesiam
777 687 1037 734 catholicam
1058 690 1327 752 baptizatum
1344 709 1443 739 esse.

242 758 384 803 XVII.
414 756 529 801 Huic
556 756 858 818 respondetur,
884 759 985 820 quia
1017 760 1051 803 si
1074 758 1161 804 hoc
1185 759 1238 804 de
1260 760 1419 823 iniquis
1445 762 1547 819 illis,

177 828 252 890 qui
270 837 385 871 extra
402 835 570 888 petram
594 836 720 881 sunt,
752 826 984 884 diceretur,
1010 827 1119 874 falso
1145 829 1293 892 utique
1318 830 1548 881 diceretur.

180 897 252 943 Sic
269 914 367 957 ergo
388 907 428 941 et
447 897 500 941 de
525 896 752 943 haereticis.

244 967 410 1013 XVlll.
442 968 552 1010 Item
571 965 679 1011 alius
700 966 848 1012 Felixa
868 972 1093 1018 marazana
1111 968 1216 1013 dixit
1235 986 1245 1012 ε
1271 990 1290 1010 α
1315 970 1407 1015 Una
1430 971 1552 1027 fides,

181 1059 202 1080 »
227 1054 362 1082 unum
389 1037 607 1099 baptisma
629 1036 647 1065 1
666 1055 678 1090 3
694 1058 712 1077 »
737 1037 810 1082 sed
825 1037 1028 1084 Ecclesiae
1053 1038 1301 1095 catholicae,
1321 1041 1393 1086 cui
1412 1041 1490 1087 soli
1508 1042 1558 1087 li-

183 1118 250 1153 cet
268 1108 505 1170 baptizare.
533 1129 552 1147 >2

248 1177 369 1222 xm.
399 1175 518 1232 Quid
534 1176 567 1220 si
592 1176 698 1221 alius
720 1177 780 1221 ita
800 1176 989 1223 diceret:
1015 1179 1109 1223 Una
1131 1178 1254 1233 fides,
1283 1196 1417 1224 unum
1442 1181 1560 1244 bap-

187 1248 310 1292 tisma
329 1266 340 1299 3
360 1246 430 1290 sed
452 1250 668 1305 justorum
692 1256 878 1301 tantum,
902 1248 1063 1310 quibus
1077 1247 1175 1292 solis
1195 1248 1564 1312 licetbaptizare?

187 1316 312 1362 Sicut
334 1316 432 1360 haec
451 1316 581 1360 verba
602 1315 910 1371 refellerentur,
932 1317 992 1361 ita
1022 1327 1062 1361 et
1086 1318 1165 1362 ista
1201 1321 1409 1364 sententia
1434 1320 1564 1366 refel-

186 1386 314 1432 latur.
344 1387 408 1430 An
442 1396 483 1429 et
519 1385 667 1444 injusti
698 1401 776 1430 nec
801 1385 845 1430 in
870 1386 964 1447 ipso
991 1386 1209 1448 baptismo
1249 1389 1420 1444 mutati,
1459 1390 1566 1435 dum

188 1455 346 1501 saeculo
366 1455 510 1500 verbis
533 1454 631 1499 solis
667 1465 708 1499 et
741 1472 830 1499 non
856 1455 978 1499 factis
1004 1457 1271 1511 renuntiant,
1299 1458 1351 1502 ad
1371 1460 1568 1505 membra

189 1526 395 1572 Ecclesiae
432 1524 680 1588 pertinent?
714 1524 889 1569 videant
912 1526 946 1569 si
969 1525 1061 1587 ipsa
1084 1536 1145 1570 est
1167 1526 1238 1570 illa
1257 1538 1397 1588 petra,
1417 1529 1450 1573 si
1476 1530 1570 1592 ipsa

191 1608 253 1643 est
279 1596 504 1651 columba,
532 1596 566 1640 si
594 1599 686 1658 ipsa
713 1605 775 1640 est
801 1611 957 1658 sponsa
979 1596 1066 1640 sine
1092 1596 1261 1641 macula
1279 1608 1320 1641 et
1346 1615 1466 1657 ruga.

255 1669 352 1715 XX.
393 1665 555 1712 Paulus
592 1684 614 1710 a
648 1666 805 1710 Bobba
838 1665 977 1711 dixit:
1010 1687 1029 1706 α
1050 1668 1119 1711 Me
1149 1683 1237 1711 non
1272 1679 1416 1713 movet
1438 1670 1470 1714 si
1499 1670 1572 1716 ali-

192 1739 288 1802 quis
314 1737 520 1783 Ecclesiae
547 1735 676 1781 fidem
704 1746 745 1781 et
771 1736 995 1781 veritatem
1024 1753 1110 1781 non
1142 1736 1354 1793 vindicat,
1395 1740 1573 1801 quando

194 1808 426 1873 Apostolus
444 1808 586 1852 dicat:
618 1806 771 1862 «Quid
791 1807 903 1851 enim
923 1807 1024 1869 quia
1042 1806 1296 1851 exciderunt
1318 1826 1339 1852 a
1361 1809 1444 1854 fide
1469 1811 1574 1874 qui-

194 1879 334 1925 »dam
368 1878 570 1931 illorum,
607 1876 823 1940 numquid
857 1875 1090 1922 infidelitas
1120 1876 1292 1921 illorum
1329 1878 1458 1924 fidem
1496 1883 1579 1926 Dei

195 1971 216 1991 »
240 1949 493 1996 evacuavit?
519 1947 644 1993 Absit
669 1964 679 1990 :
708 1958 769 1991 est
795 1947 909 1991 enim
935 1949 1051 1991 Deus
1072 1964 1194 1992 verax
1212 1983 1222 2002 ,
1260 1949 1399 1993 omnis
1430 1961 1573 1995 autem

196 2041 218 2062 ³>
239 2020 372 2065 homo
388 2018 570 2064 mendax
592 2019 624 2064 ².
663 2039 678 2058 ο
705 2017 750 2062 Si
777 2028 921 2062 autem
950 2017 1066 2061 Deus
1088 2034 1212 2062 verax
1232 2028 1319 2072 est,
1352 2021 1574 2080 quomodo

198 2090 317 2154 apud
346 2090 572 2135 haereticos
596 2087 806 2151 baptismi
842 2087 997 2133 veritas
1017 2104 1102 2132 esse
1120 2097 1285 2149 potest,
1315 2091 1434 2151 apud
1468 2108 1577 2154 quos

198 2162 315 2207 Deus
330 2177 418 2205 non
439 2162 528 2204 est?
552 2179 571 2200 >³

264 2232 384 2277 XXI.
412 2230 525 2275 Huic
545 2227 830 2291 respondetur
852 2245 862 2272 ε
890 2227 1028 2284 Quid,
1051 2227 1169 2290 apud
1188 2245 1337 2274 avaros
1358 2230 1575 2294 numquid

200 2312 262 2348 est
286 2303 430 2346 Deus?
461 2302 514 2345 Et
540 2311 682 2345 tamen
707 2310 768 2344 est
803 2298 1075 2361 baptismus:
1104 2298 1162 2343 ita
1186 2309 1227 2343 et
1249 2300 1367 2362 apud
1393 2300 1575 2347 haereti-

202 2389 288 2418 cos.
320 2371 449 2434 Apud
471 2387 578 2433 quos
603 2370 717 2414 enim
738 2371 852 2413 Deus
867 2379 944 2423 est,
972 2367 1184 2430 templum
1211 2370 1289 2414 Dei
1315 2381 1427 2416 sunt.
1461 2373 1574 2427 Quae

204 2453 345 2487 autem
367 2440 624 2503 compositio
649 2438 811 2501 templo
833 2438 907 2482 Dei
932 2454 1031 2482 cum
1055 2437 1242 2484 idolisss?
1269 2440 1403 2485 Porro
1431 2444 1573 2487 avari-

205 2513 328 2568 tiam,
344 2511 634 2557 idololatriam
656 2509 818 2555 Paulus
837 2509 981 2564 sentit,
1005 2510 1251 2572 Cyprianus
1279 2513 1510 2568 consentit,
1539 2523 1581 2558 et

254 2597 264 2618 ¹
286 2595 463 2638 Ephes.1v‚
485 2596 516 2625 5.
535 2610 582 2617 —
597 2592 612 2614 ²
629 2596 721 2625 Rom.
739 2603 792 2629 ιιι,
809 2594 840 2629 3,
858 2598 889 2623 et
908 2592 988 2625 Psal,
1009 2602 1082 2635 cxv,
1104 2604 1155 2626 η,
1175 2611 1217 2617 -
1235 2590 1248 2615 3
1264 2604 1280 2623 2
1302 2594 1376 2626 Cor.
1395 2604 1440 2630 vx,
1456 2593 1509 2626 16.

336 2659 552 2693 cxxxvui.
1394 2644 1454 2690 28
