1894 3154
311 232 399 277 136
429 259 432 260 ν
731 244 763 273 S.
807 241 1050 272 Aucusrml
1083 241 1288 272 EPISCOPI

306 312 591 358 differentiam
609 348 620 366 ‚
657 327 742 373 qua
776 325 875 354 vera
912 325 935 352 a
977 307 1198 367 sacrilegio
1238 310 1375 371 pietas
1409 317 1669 354 secernatur.

310 383 382 427 Ait
407 382 520 426 enim
542 399 552 426 ;
579 403 598 421 «
623 380 744 425 Beati
771 379 847 441 qui
875 378 1218 440 persecutionem
1244 380 1473 442 patiuntur
1496 389 1678 441 propter

306 452 553 512 »justitiam
564 451 595 497 1,
626 472 645 491 ›>
672 449 802 494 Nullo
822 447 951 492 modo
972 458 1112 492 autem
1137 460 1318 512 propter
1333 449 1547 509 justitiam
1567 487 1576 505 ‚
1601 448 1679 512 qui

309 523 472 567 Christi
498 521 733 566 Ecclesiam
759 519 1024 574 diviserunt,
1052 529 1092 563 et
1117 536 1218 564 cum
1241 538 1335 566 eam
1360 519 1559 565 simulata
1579 523 1678 579 jus—

306 593 399 637 titia
427 592 549 654 quasi
583 601 796 636 conantur
820 600 917 634 ante
951 600 1123 652 tempus
1157 607 1181 634 a
1213 590 1335 654 palea
1368 606 1593 653 separare,
1632 605 1680 635 ac

303 662 521 707 frumenta
547 665 636 720 ejus
655 661 768 706 falsis
793 660 1170 706 criminationibus
1189 661 1457 706 insectantur
1476 697 1486 714 ,
1516 659 1598 723 ipsi
1627 660 1681 704 ab

307 749 355 779 ea
382 732 530 794 potius
543 769 553 787 ,
578 742 787 793 tanquam
808 731 1021 775 levissima
1039 731 1162 793 palea
1182 768 1193 785 ‚
1213 731 1342 776 variis
1358 747 1582 776 rumorum
1606 729 1682 773 fla-

311 803 428 847 tibus
457 802 643 865 separati
671 812 783 847 sunt.
818 800 902 846 Sed
929 802 1136 864 inquiunt
1168 819 1180 847 :
1223 803 1323 847 Non
1350 802 1449 846 haec
1481 800 1676 845 fecimus.

309 872 496 917 Videant
520 889 618 931 ergo
642 889 689 917 ex
717 872 802 917 hac
835 872 1075 935 quaestione
1099 890 1140 917 se
1161 872 1365 935 primitus
1396 871 1581 916 liberare
1605 868 1686 914 de-

308 943 409 988 bere
427 980 436 998 ‚
460 953 499 987 et
524 953 628 988 tunc
651 942 805 988 audere
821 979 831 996 ‚
852 943 885 986 si
903 942 1011 1004 qnid
1030 942 1321 987 molestiarum
1346 942 1432 987 sive
1450 955 1686 1004 poenarum

312 1031 333 1057 a
361 1012 620 1057 Christianis
652 1011 990 1074 imperatoribus
1023 1013 1275 1074 patiuntur,
1314 1011 1380 1057 vel
1405 1010 1620 1073 deponere
1642 1009 1687 1053 in

312 1083 654 1145 querimoniam,
696 1093 771 1127 aut
803 1099 1015 1126 assumere
1039 1083 1083 1127 in
1108 1082 1302 1141 gloriam.
1334 1083 1397 1127 De
1423 1098 1508 1144 qua
1542 1097 1586 1125 re
1605 1116 1615 1134 ,
1642 1078 1686 1124 id

313 1163 375 1198 est
393 1191 402 1207 ‚
424 1153 558 1215 ipsius
582 1152 823 1197 schismatis
852 1153 1112 1214 quaestione,
1141 1153 1174 1197 si
1198 1151 1311 1197 nihil
1329 1151 1447 1196 aliud
1468 1150 1655 1196 dicerem
1675 1186 1685 1205 ‚

312 1241 359 1268 ea
381 1240 479 1285 quae
496 1224 692 1285 superius
714 1233 814 1267 sunt
836 1222 953 1267 dicta
978 1222 1234 1269 sufficerent.

380 1293 457 1337 XV
464 1294 496 1338 Ι.
542 1295 608 1338 An
636 1292 745 1337 forte
769 1292 943 1348 dicent,
967 1293 1132 1337 etiamsi
1147 1293 1470 1338 convincuntur
1495 1292 1539 1336 in
1563 1291 1691 1336 sacri-

311 1363 405 1422 lega
422 1362 682 1408 dissensione
698 1400 708 1417 ‚
733 1374 778 1408 ut
797 1380 878 1425 pro
898 1380 944 1407 ea
966 1363 1181 1408 dementia
1202 1362 1358 1425 siquid
1380 1363 1493 1425 passi
1510 1361 1687 1417 fuerint,

314 1444 526 1496 martyres
550 1450 636 1477 non
655 1434 768 1486 sint3
794 1450 882 1477 non
910 1444 1050 1478 tamen
1077 1433 1131 1478 ad
1156 1435 1473 1496 Imperatorum
1499 1442 1693 1495 potesta-

315 1515 403 1548 tem
428 1503 526 1548 haec
554 1503 794 1548 coercenda
819 1503 885 1548 vel
906 1504 1126 1566 punienda
1151 1504 1365 1566 pertinere
1390 1503 1560 1548 debere.
1594 1502 1693 1558 Qua

320 1574 365 1618 in
386 1590 429 1617 re
449 1589 598 1635 quaero
617 1572 725 1635 quid
750 1573 899 1618 dicant
922 1591 931 1617 ε
955 1591 1009 1618 an
1033 1574 1134 1636 quia
1158 1573 1210 1618 de
1230 1573 1432 1632 religione
1456 1572 1608 1617 vitiosa
1630 1570 1696 1615 vel

318 1644 422 1689 falsa
444 1643 556 1688 nihil
578 1643 821 1688 curandum
847 1654 906 1688 cst
931 1644 1091 1688 talibus
1110 1644 1398 1707 potestatibus
1426 1661 1436 1688 z
1459 1643 1543 1688 Sed
1560 1642 1697 1687 multa

316 1718 404 1774 jam
426 1714 555 1758 etiam
587 1712 640 1757 de
668 1714 848 1775 paganis
879 1713 1063 1758 diximus
1079 1751 1089 1766 ,
1117 1725 1159 1758 et
1182 1713 1235 1758 de
1260 1714 1362 1776 ipsis
1389 1712 1665 1757 daemonibus
1682 1748 1693 1767 ,

320 1783 438 1847 quod
479 1783 797 1846 persecutiones
831 1784 886 1828 ab
919 1785 1264 1846 Imperatoribus
1300 1784 1537 1846 patiantur.
1570 1785 1637 1828 An
1657 1793 1698 1827 et

322 1854 409 1899 hoc
435 1853 663 1915 displicet?
687 1854 779 1898 Cur
802 1870 900 1912 ergo
922 1854 1003 1916 ipsi
1027 1854 1104 1898 ubi
1127 1865 1308 1916 possunt
1332 1855 1496 1916 templa
1514 1853 1694 1897 subver-

324 1935 424 1969 tunt
440 1961 450 1979 ,
475 1934 515 1968 et
531 1941 608 1986 per
623 1923 787 1969 furores
809 1923 1222 1970 Circumcellionum
1242 1925 1343 1969 talia
1361 1924 1498 1969 facere
1519 1933 1592 1968 aut
1607 1924 1700 1968 vin-

323 1994 468 2040 dicare
501 2012 588 2039 non
628 1997 822 2039 cessant?
867 1996 933 2039 An
968 1996 1126 2053 justior
1165 2006 1226 2040 est
1260 1996 1431 2058 privata
1468 1993 1697 2050 violentia,

324 2081 457 2128 quam
480 2064 596 2123 regia
628 2063 884 2123 diligentia?
923 2065 1007 2110 Sed
1038 2065 1136 2110 haec
1168 2065 1346 2120 omitto,
1382 2064 1491 2109 illud
1521 2080 1697 2126 quaero,

324 2152 424 2180 cum
450 2133 671 2179 manifeste
695 2145 916 2179 enumeret
948 2135 1177 2197 Apostolus
1198 2153 1328 2198 opera
1353 2134 1493 2180 carnis
1514 2151 1525 2178 ε
1547 2155 1566 2173 ι(
1588 2135 1701 2188 Quae
1762 2168 1768 2171 x

327 2228 346 2247 >³
367 2216 489 2259 sunt,
512 2205 656 2267 inquit
670 2243 679 2258 ‚
703 2204 1024 2259 fornicationes,
1045 2206 1337 2251 immunditiae
1353 2243 1363 2261 ,
1384 2205 1698 2259 contentiones,

327 2297 347 2317 >³
368 2275 662 2320 aemulationes
679 2311 690 2330 ,
716 2276 1030 2331 animositates,
1056 2275 1357 2330 dissensiones,
1389 2275 1572 2320 haereses
1588 2311 1599 2329 ‚
1628 2274 1702 2318 in-

327 2367 348 2387 »
366 2345 518 2399 vidiae,
541 2345 767 2390 ebrietates
783 2383 793 2400 ,
816 2346 1159 2400 comessationes,
1181 2356 1222 2390 et
1242 2346 1311 2389 liis
1329 2344 1509 2389 similia2
1527 2365 1537 2398 ;
1557 2366 1576 2386 >>
1595 2344 1703 2407 quid

326 2416 415 2461 istis
436 2414 636 2460 videatur
652 2453 661 2469 ,
681 2426 729 2460 ut
748 2417 913 2461 crimen
936 2415 1194 2461 idololatriae
1224 2426 1378 2478 putent
1396 2420 1510 2474 juste
1531 2416 1586 2460 ab
1612 2416 1704 2459 Im-

328 2484 604 2549 peratoribus
631 2485 846 2531 vindicari
870 2503 880 2530 :
905 2497 979 2531 aut
1004 2487 1037 2531 si
1055 2503 1133 2532 nec
1154 2487 1240 2532 hoc
1264 2485 1417 2533 volunt
1433 2522 1443 2542 ,
1467 2501 1546 2530 cur
1569 2485 1614 2529 in
1632 2501 1704 2531 ve-

380 2567 390 2590 ¹
410 2566 524 2600 Manli.
546 2579 576 2606 V,
596 2580 649 2602 ιο.
669 2586 715 2591 -
730 2566 745 2590 ²
763 2570 866 2601 Galat.
886 2580 917 2612 v,
939 2580 990 2610 19.
