1894 3154
302 235 360 280 30
373 235 393 291 't
720 250 754 279 5.
798 247 1042 278 Δι’-00511111
1077 247 1279 278 Emscom

301 315 394 360 ritis
412 324 590 378 peccata
607 352 618 372 ,
640 315 912 361 dimittentur
933 313 995 358 illi
1014 333 1026 367 ς
1047 313 1081 358 51
1104 313 1174 359 0111
1194 311 1415 359 tenueritis
1430 348 1440 367 ‚
1463 310 1669 356 tenebun-

301 396 386 433 tur.
417 407 438 428 c<
459 387 577 432 Foris
601 386 778 451 quidem
814 402 893 431 nec
919 385 1043 444 ligari
1068 384 1232 447 aliquid
1262 394 1402 448 potest
1429 399 1507 428 nec
1534 381 1664 435 solvi,

300 456 379 501 ubi
402 474 488 501 non
511 457 564 502 sit
583 457 658 521 qui
682 467 756 502 aut
778 455 908 515 ligare
933 455 1068 518 possit
1087 465 1161 500 aut
1180 454 1340 500 solvere
1361 471 1371 498 :
1399 475 1419 494 »
1444 451 1516 498 sed
1537 451 1669 497 solvi-

301 537 371 571 tur
392 527 468 589 qui
487 543 587 572 cum
611 526 816 572 columba
834 524 981 570 fecerit
1006 541 1157 587 pacem
1180 562 1190 580 ‚
1223 535 1263 569 et
1285 524 1443 583 ligatur
1471 522 1545 585 qui
1566 538 1668 567 curn

300 595 504 641 columba
524 613 610 641 non
630 595 765 640 habet
789 610 938 657 pacem
958 630 970 650 ‚
992 593 1079 640 sive
1104 603 1248 657 aperte
1264 593 1368 638 foris
1393 593 1471 648 sit,
1495 590 1668 637 sivein-

302 675 368 710 tus
388 682 474 710 esse
496 664 706 711 videatur.

362 736 522 782 XXIV.
539 757 559 776 «
573 735 748 781 Dathan
765 752 885 792 vero,
909 735 1054 781 Chore
1068 745 1110 779 et
1129 734 1292 780 Abiron
1306 732 1343 790 1,
1358 733 1667 798 quisibilicen-

297 805 403 852 tiam
431 805 705 851 sacrificandi
736 821 944 868 usurpare
976 804 1122 850 conati
1158 815 1259 849 sunt
1277 814 1428 849 contra
1457 803 1667 848 unitatem

296 876 452 940 populi
472 876 577 932 Dei,
607 886 647 921 et
671 875 746 921 filii
775 877 920 921 Aaron
943 875 1020 938 qui
1052 874 1239 920 alienum
1262 876 1405 934 ignem
1436 873 1557 919 altari
1582 873 1666 919 im·-

294 958 551 1011 posuerunt,
581 948 778 993 novimus
795 946 915 1010 quod
932 947 1111 1009 impune
1134 964 1223 991 non
1241 946 1432 992 fecerint.
1453 946 1574 990 »Nec
1589 961 1666 990 nos

295 1018 397 1064 talia
411 1017 567 1063 scelera
586 1017 771 1062 dicimus
787 1016 1002 1080 impunita
1029 1033 1260 1063 remanere.
1286 1016 1367 1061 nisi
1383 1032 1425 1061 se
1445 1014 1548 1060 tales
1572 1031 1666 1060 cor-

295 1087 495 1143 rexerint,
520 1087 554 1132 si
576 1087 784 1150 patientia
804 1087 884 1132 Dei
911 1086 965 1131 ad
988 1086 1294 1149 poenitenti-arn
1316 1085 1534 1131 adducens
1553 1095 1667 1130 tem-

293 1173 376 1220 pus
394 1156 638 1217 corrigendi
651 1156 847 1216 largitur.

359 1227 495 1273 XXV.
535 1226 606 1272 Illi
627 1244 725 1272 sane
746 1227 823 1290 qui
848 1237 1076 1290 propterea
1099 1225 1254 1272 dicunt
1281 1243 1368 1272 non
1392 1242 1478 1272 esse
1499 1225 1663 1271 iteran-

292 1295 398 1343 dum
418 1297 685 1360 baptismum
705 1333 716 1353 ‚
752 1297 854 1360 quia
872 1313 1025 1342 manus
1048 1296 1353 1342 tantummodo
1382 1296 1585 1359 imposita
1602 1306 1665 1341 est

291 1367 349 1413 eis
375 1385 483 1431 quos
505 1367 741 1430 Philippus
762 1367 971 1412 diaconus
1001 1367 1297 1429 baptizaverat
1313 1403 1323 1422 ,
1357 1366 1466 1412 nihil
1496 1366 1548 1411 ad
1573 1383 1662 1411 rem

291 1439 508 1501 pertinens
545 1437 698 1482 dicunt
716 1438 732 1465 2
758 1454 768 1481 ι
793 1447 834 1482 01
860 1437 973 1482 absit
1002 1447 1050 1481 ut
1083 1453 1183 1482 cum
1217 1453 1367 1482 verum
1394 1436 1631 1499 quaerimus
1648 1472 1659 1492 ‚

292 1509 451 1555 talibus
474 1508 734 1569 argumentis
759 1518 947 1554 utamur.
982 1508 1265 1571 Quapropter
1293 1507 1427 1566 magis
1447 1506 1664 1551 haercticis

291 1596 377 1625 non
401 1579 595 1625 cedimus
610 1615 620 1635 ‚
653 1579 687 1623 si
715 1578 835 1642 quod
862 1578 1031 1623 habent
1052 1577 1105 1623 de
1142 1577 1306 1623 Christi
1327 1575 1519 1623 Ecclesia
1538 1612 1549 1633 ‚
1574 1593 1663 1622 non

289 1666 374 1695 esse
400 1650 596 1696 dicamus
623 1649 818 1712 ipsorum
841 1686 850 1705 ,
887 1665 965 1693 nec
999 1658 1180 1711 propter
1203 1647 1360 1693 scelera
1398 1646 1662 1692 desertorum

289 1721 568 1784 Imperatoris
593 1721 730 1766 nostri
754 1720 872 1781 signa
895 1719 1084 1765 nolimus
1121 1736 1347 1780 agnoscere
1369 1736 1379 1763 z
1407 1717 1540 1777 magis
1560 1718 1662 1780 quia

289 1792 503 1837 Dominus
530 1793 643 1836 Deus
677 1801 820 1836 noster
846 1793 962 1836 Deus
994 1789 1132 1835 zelans
1167 1799 1228 1835 051
1245 1789 1262 1816 ⁵
1284 1826 1294 1845 ‚
1328 1787 1547 1852 quidquid
1569 1791 1662 1847 ejus

288 1861 405 1923 apud
425 1860 612 1923 aliquem
634 1861 922 1919 agnoscimus,
952 1859 1075 1904 nullo
1097 1859 1227 1905 modo
1251 1859 1289 1904 ei
1314 1858 1602 1904 concedamus
1615 1868 1662 1903 ut

286 1947 411 1976 51111111
444 1931 676 1993 proprium
701 1947 786 1975 esse
816 1930 1061 1975 arbitretur.
1104 1930 1201 1991 Ipse
1237 1940 1350 1974 certe
1385 1931 1497 1974 Deus
1521 1928 1660 1973 zelans

284 2000 518 2046 fornicanti
542 2018 566 2046 a
595 2017 637 2045 se
675 2000 869 2045 foeminae
898 1999 944 2044 in
969 2000 1107 2058 sigma
1135 2015 1269 2061 [11351
1258 1998 1493 2043 aricatiicis
1519 1997 1660 2060 plebis

286 2072 534 2134 exprobrat,
563 2081 605 2116 et
643 2070 767 2126 dicit,
804 2069 924 2147 quod
960 2087 1008 2114 ea
1046 2085 1145 2132 quae
1184 2069 1321 2132 ipsius
1357 2077 1493 2114 essent
1522 2067 1659 2112 dabat

285 2158 362 2185 am
357 2141 550 2186 ttonbus
578 2141 692 2197 suis,
719 2152 761 2186 01
793 2141 848 2185 ab
872 2140 930 2185 eis
963 2156 1108 2185 rursus
1144 2139 1415 2201 accipiebat,
1446 2154 1546 2201 quae
1569 2153 1658 2182 non

283 2210 488 2267 illorum,
517 2210 588 2256 sed
622 2211 758 2274 ipsius
798 2222 932 2258 erant.
987 2211 1105 2255 Inter
1156 2209 1395 2254 adulteram
1432 2208 1659 2253 foeminam

282 2292 323 2327 et
357 2281 571 2326 adulteros
606 2292 838 2336 amatores,
868 2281 982 2326 dona
1012 2297 1087 2325 sua
1128 2291 1269 2325 tamen
1303 2281 1418 2324 Deus
1444 2289 1656 2341 tanquam

283 2350 422 2396 zelans
455 2351 588 2395 iratus
622 2352 844 2410 agnoscit:
888 2361 928 2396 et
962 2366 1040 2395 nos
1070 2350 1379 2395 haereticorum
1416 2365 1501 2393 esse
1539 2349 1656 2410 bap-

285 2421 462 2466 tismum
494 2421 679 2466 dicimus
709 2421 852 2466 verbis
885 2419 1152 2480 Evangelicis
1185 2429 1507 2476 consecratum,
1541 2435 1655 2464 com-

281 2491 390 2537 moti
413 2490 536 2537 factis
555 2507 702 2536 eorum
721 2492 850 2536 etiam
875 2507 974 2554 quae
999 2491 1079 2535 Dei
1107 2500 1206 2535 sunt
1236 2489 1293 2534 eis
1319 2489 1507 2535 tribuere
1524 2488 1653 2535 volu-

326 2583 453 2614 lxma,
473 2591 536 2617 1111,
553 2591 564 2611 1
585 2585 618 2611 et
634 2582 686 2619 32,
707 2580 848 2612 euml.
864 2591 895 2620 x,
923 2591 950 2613 1.
966 2578 1041 2606 ...2
1057 2584 1126 2613 Act.
1145 2590 1222 2619 vin,
1247 2584 1300 2616 14.
1316 2595 1360 2602 —-
1386 2575 1399 2601 3
1414 2580 1508 2610 Deut.
1530 2589 1573 2621 11,
1596 2583 1651 2615 24.
