1894 3154
303 252 318 281 1
330 234 391 289 64
718 246 753 277 s,
794 244 1036 277 Aucusnm
1071 245 1275 276 EPJSCOPI

296 314 426 362 corde
449 310 711 375 relinquitur
733 310 864 357 Deus.
891 310 1068 355 Habent
1084 320 1125 355 et
1148 310 1394 366 mendaces,
1415 321 1457 357 et
1477 328 1563 358 non
1583 312 1668 359 ha—

294 386 446 430 bentes
469 382 598 429 fidem
618 419 629 438 ,
673 380 790 426 aliud
823 381 1074 444 profitentes
1113 391 1153 425 et
1194 381 1316 426 aliter
1348 393 1661 430 conversantes.

297 456 475 502 Habent
497 453 626 499 etiam
648 462 841 498 mortuos
865 452 927 496 :si
949 452 1062 497 enim
1080 451 1194 496 sexui
1216 451 1452 498 delicatiori
1477 464 1517 498 et
1546 455 1666 499 infir-

296 525 426 571 niiori
443 523 616 570 delicias
656 539 745 567 non
764 521 964 567 concedit
999 521 1247 583 Apostolus,
1290 522 1437 568 dicens
1461 541 1471 567 r
1492 545 1511 565 α
1533 524 1674 569 Vidua

298 617 319 637 ›>
336 589 443 657 quae
467 594 513 638 in
555 591 720 636 deliciis
745 591 849 650 agit,
892 592 1039 636 vivens
1066 601 1235 636 mortua
1256 602 1317 637 est
1341 591 1357 621 1
1378 613 1390 646 3
1415 614 1434 634 >2
1475 605 1675 656 quaerant

299 676 445 710 utrum
465 660 575 706 nulli
599 660 718 723 apud
744 677 786 705 se
809 660 909 715 viri,
938 671 981 705 et
999 660 1118 723 quod
1140 661 1326 723 amplius
1349 672 1426 717 est,
1449 664 1674 726 praepositi

299 734 366 780 vel
391 731 575 778 ministri
589 731 738 776 vivant
759 731 804 775 in
823 730 1015 784 deliciis3
1038 741 1166 793 atque
1185 732 1218 775 si
1236 731 1295 776 ita
1316 732 1493 788 audent,
1518 751 1589 778 ren
1599 750 1674 778 un-

301 805 408 849 tient
434 819 475 847 se
500 818 589 846 non
607 801 769 846 habere
793 811 1004 856 mortuos,
1027 811 1068 846 et
1100 801 1293 846 meliores
1316 819 1404 848 esse
1438 820 1570 866 quam
1602 804 1675 848 ilia

300 873 518 926 Ecclesia,
554 875 679 930 cujus
699 870 862 930 Angelo
881 871 927 916 in
957 872 1095 930 figura
1117 872 1454 934 praepositorum
1481 874 1548 919 vel
1579 874 1676 919 ani-

298 960 469 989 marum
502 941 682 995 dicitur,
704 940 825 1003 quod
849 957 937 985 non
954 941 1095 996 vivat,
1130 940 1203 985 sed
1229 952 1424 987 mortuus
1441 943 1517 998 sit,
1542 953 1581 988 et
1608 954 1676 988 ta-

297 1031 396 1059 men
414 1013 525 1058 inter
544 1020 705 1073 septem
731 1009 937 1055 Ecclesias
959 1021 1214 1055 numeratur
1233 1011 1269 1065 2,
1307 1028 1384 1056 nec
1417 1013 1454 1057 ei
1479 1013 1627 1058 divisae
1653 1031 1676 1057 a

300 1099 509 1146 compage
521 1080 715 1143 corporis
728 1080 890 1124 Christi
907 1117 917 1134 ‚
937 1080 1009 1124 scd
1026 1081 1070 1125 in
1086 1081 1248 1125 unitate
1265 1084 1555 1143 perseveranti
1568 1100 1677 1145 pree-

301 1164 427 1216 cepta
451 1151 552 1196 vitae
575 1150 866 1195 insinuantur.
899 1149 1068 1194 Omitto
1092 1149 1211 1212 quod
1237 1151 1279 1194 in
1299 1151 1483 1196 concilio
1498 1169 1574 1197 suo
1597 1152 1678 1197 ad-

300 1239 469 1269 versum
487 1218 820 1264 Maximianistas
833 1218 1056 1264 dixerunt:
1084 1240 1103 1259 α
1120 1220 1420 1282 ,Egyptiorum
1441 1221 1675 1267 admodum

301 1318 321 1336 »
340 1291 534 1355 exemplo
548 1289 823 1353 pereuntium
842 1289 1069 1335 funeribus
1087 1289 1217 1352 plena
1233 1301 1334 1335 sunt
1354 1290 1501 1335 littora
1517 1292 1549 1338 3.
1569 1314 1588 1332 »
1619 1293 1680 1336 De

300 1380 487 1428 quorum
512 1376 693 1405 numero
730 1369 1002 1405 mortuorum
1029 1376 1147 1404 nuuc
1183 1359 1299 1404 intus
1322 1371 1384 1404 est
1409 1360 1649 1406 Felicianus
1666 1398 1676 1413 ,

301 1435 377 1498 qui
405 1433 550 1478 adhue
579 1441 773 1475 mortuus
797 1430 993 1492 baptizat
1023 1448 1033 1475 ε
1064 1441 1138 1475 aut
1167 1431 1199 1475 si
1231 1435 1321 1490 jam
1353 1431 1519 1485 revixit,
1547 1432 1681 1476 babet

300 1521 443 1551 secum
458 1502 554 1548 illos
574 1517 681 1563 quos
697 1510 891 1545 mortuus
915 1500 960 1544 in
974 1501 1206 1545 schismate
1221 1501 1475 1563 baptizavit.
1502 1502 1681 1546 Habent

301 1585 416 1621 certe
453 1581 704 1636 peccatores
726 1587 736 1614 ε
771 1587 872 1615 nam
897 1570 931 1615 si
957 1570 1275 1630 interrogentur
1309 1572 1576 1635 quicumque
1598 1573 1681 1617 sibi

300 1647 345 1690 in
379 1643 482 1707 ipsis
509 1640 655 1700 magni
686 1639 912 1696 videntur,
941 1640 1070 1686 etiam
1099 1658 1141 1686 se
1166 1641 1284 1705 ipsos
1306 1653 1554 1705 peccatores
1594 1660 1682 1688 non

295 1723 467 1774 negant.
492 1712 645 1773 Neque
667 1710 782 1755 enim
803 1728 890 1756 non
916 1710 1107 1757 tundunt
1139 1723 1319 1775 pectora
1345 1729 1438 1767 sua,
1479 1724 1556 1758 aut
1579 1730 1680 1759 cum

300 1786 344 1831 id
368 1784 553 1837 faciunt,
581 1780 778 1826 simulate
798 1780 965 1826 faciunt
986 1799 996 1826 ε
1021 1783 1036 1845 (
1056 1783 1177 1846 quod
1201 1783 1233 1827 si
1255 1784 1312 1828 ita
1335 1794 1414 1839 est,
1438 1794 1543 1829 tunc
1569 1795 1683 1829 certe

302 1854 529 1901 infeliciter
548 1861 750 1914 peccant,
779 1852 969 1914 populos
995 1869 1091 1897 suos
1109 1853 1310 1897 simulata
1329 1853 1577 1898 humilitate
1597 1854 1682 1899 fal-

304 1928 436 1972 lentes
457 1925 499 1985 3)
519 1932 593 1967 aut
614 1939 702 1966 non
725 1921 936 1966 dicuntin
959 1923 1165 1968 Oratione
1184 1924 1438 1968 Dominica:
1462 1946 1480 1963 «
1504 1925 1683 1970 Dimitte

305 2020 324 2037 »
350 1994 478 2040 nobis
501 1992 651 2037 debita
677 2002 841 2047 nostra,
866 1992 977 2037 sicut
1001 2003 1042 2037 et
1074 2010 1149 2038 nos
1184 1993 1446 2038 dimittimus
1470 1994 1683 2040 debitori-

301 2090 321 2109 »
345 2062 590 2111 busnostris
604 2061 650 2105 Δ;
674 2083 693 2102 ›>
714 2061 833 2124 quod
850 2062 1000 2125 011(Ῑο0
1012 2080 1098 2107 non
1111 2063 1164 2108 de
1180 2063 1263 2108 illis
1282 2064 1471 2126 peccatis
1492 2064 1679 2119 dicitur,

305 2153 404 2201 quae
426 2135 470 2179 in
489 2132 700 2194 baptismi
730 2133 1050 2191 regeneratione
1086 2133 1260 2178 dimissa
1297 2145 1414 2189 sunt,
1455 2135 1527 2179 sed
1557 2135 1609 2180 de
1633 2135 1684 2179 iis

305 2224 404 2271 quae
427 2203 622 2268 quotidie
645 2202 698 2248 de
731 2203 880 2248 saeculi
923 2204 1197 2249 amarissimis
1233 2204 1451 2249 fructibus
1475 2205 1684 2250 humanae

302 2278 406 2323 vitae
430 2272 659 2319 infirmitas
695 2273 935 2328 contrahit,
976 2274 1136 2336 quibus
1178 2274 1382 2319 curandis
1415 2274 1684 2319 adhibentur

308 2345 621 2392 medicamenta
655 2343 1047 2405 eleemosynarum,
1069 2344 1332 2403 jejuniorum
1359 2355 1399 2388 et
1418 2344 1681 2398 orationum,

310 2427 359 2461 ut
382 2416 425 2460 in
450 2413 642 2458 oratione
670 2412 860 2467 dicatur,
890 2414 1011 2476 quod
1030 2415 1075 2459 in
1093 2413 1370 2474 eleemosynis
1388 2414 1542 2473 agitur.
1574 2415 1682 2459 Nam

307 2496 348 2532 et
365 2492 594 2548 peccatum
615 2482 734 2545 quod
756 2483 798 2527 in
822 2493 861 2528 te
883 2483 1195 2538 alteradmisit,
1215 2482 1447 2539 dimittere,
1471 2495 1520 2528 01
1543 2495 1585 2528 et
1606 2483 1685 2527 tibi

357 2569 367 2589 ¹
392 2580 401 2597 1
419 2568 502 2596 ’1“.111.
520 2574 552 2606 V,
571 2564 603 2596 6.
619 2583 658 2588 —
681 2563 696 2585 ²
715 2567 819 2608 ApoC.
843 2577 895 2607 111,
918 2577 944 2599 t,
966 2563 1037 2589 —3
1054 2566 1155 2600 Exod.
1178 2577 1244 2604 xxv,
1266 2567 1318 2600 31.
1335 2583 1378 2590 —-
1399 2563 1413 2587 ⁴
1433 2564 1541 2599 ‘Manli
1562 2576 1606 2603 vr,
1630 2576 1683 2597 12.
