1894 3154
233 265 291 320 40
651 282 684 311 s.
729 283 973 314 AUGUSTINI
1009 282 1213 313 Eiuscom

234 356 276 390 et
293 345 395 408 quia
413 346 605 392 esuriunt
622 364 670 392 ac
691 348 867 402 sitiunt,
892 347 1039 392 adhuc
1055 357 1272 410 quaerunt.
1295 345 1420 391 Fides
1434 345 1608 408 quaerit,

235 416 477 462 intellectus
513 417 704 462 invenit:
739 429 919 480 propter
948 417 1066 480 quod
1104 418 1163 462 ait
1191 417 1414 479 Propheta
1441 434 1451 461 :
1481 437 1500 456 α
1522 415 1614 460 Nisi

234 506 255 527 »
280 486 569 542 credideritis,
605 505 690 532 uon
720 487 1016 548 intelligetis1.
1044 509 1063 527 »
1103 488 1158 531 Et
1191 504 1339 532 rursus
1374 485 1616 531 intellectus

235 573 333 602 eum
353 575 483 619 quem
506 559 672 603 invenit
697 558 844 604 adhuc
874 559 1063 621 quaerit:
1094 580 1112 598 α
1141 559 1252 603 Deus
1285 557 1398 602 enim
1436 556 1619 619 respexit

236 647 256 668 »
283 644 412 689 super
443 627 552 673 filios
576 629 833 683 homiuum,
857 630 969 675 sicut
997 630 1041 674 in
1073 628 1246 674 Psalmo
1275 644 1396 673 sacro
1424 627 1614 682 canitur,

238 717 258 737 »
286 707 333 742 ut
358 697 520 742 videret
541 700 574 743 si
593 709 653 743 est
678 699 918 758 intelligens
945 711 1018 745 aut
1039 700 1259 762 requirens
1287 700 1428 743 Deum
1444 698 1478 744 2.
1504 720 1524 739 ›>
1551 695 1619 742 Ad

236 765 324 810 hoc
345 784 443 825 ergo
462 767 592 811 debet
610 768 742 813 homo
759 786 845 813 esse
864 769 1106 827 intelligens
1119 805 1129 823 ,
1150 779 1198 813 ut
1219 767 1411 830 requirat
1427 767 1582 812 Deum.

304 836 388 881 Ill.
424 836 535 881 Satis
565 837 711 900 itaque
743 838 947 882 remorati
978 838 1186 882 fuerimus
1220 838 1266 882 in
1302 837 1352 882 iis
1377 853 1476 899 quae
1507 838 1624 881 Deus

238 904 341 949 fecit
359 941 370 960 ‚
395 916 443 950 ut
462 923 540 968 per
559 924 607 951 ea
629 919 960 966 cognosceretur
979 907 1071 970 ipse
1090 907 1167 970 qui
1185 906 1288 952 fecit
1305 924 1315 951 ε
1344 927 1363 946 α
1383 905 1626 952 Invisibilia

240 995 261 1016 »
285 974 400 1019 enim
419 979 453 1034 ej
463 993 508 1020 us
530 994 551 1021 a
571 988 769 1022 creatura
786 977 941 1022 mundi
962 994 1043 1040 per
1063 994 1111 1021 ea
1132 993 1231 1039 quae
1247 975 1363 1022 facta
1381 986 1480 1020 sunt
1496 975 1626 1020 iutel—

242 1067 262 1086 ·»
287 1044 397 1090 lecta
421 1047 801 1110 conspiciuntur3.
831 1070 850 1089 »
883 1048 1009 1093 Unde
1039 1058 1281 1107 arguuntur
1316 1048 1361 1093 in
1393 1047 1507 1092 libro
1546 1047 1628 1092 Sa-

243 1116 421 1177 pientiae
448 1117 523 1178 qui
550 1118 649 1162 «De
673 1118 723 1162 iis
757 1135 857 1181 quae
888 1118 1091 1163 videntur
1115 1118 1232 1163 bona
1249 1154 1259 1174 ⁷
1288 1135 1375 1162 non
1393 1127 1630 1179 potuerunt

250 1207 270 1227 >2
294 1186 401 1231 seire
424 1204 520 1232 eum
541 1188 617 1250 qui
642 1199 727 1243 est,
759 1206 897 1252 neque
916 1190 1123 1252 operibus
1145 1188 1412 1233 attendentes
1443 1205 1631 1247 agnove—

251 1278 270 1297 »
294 1266 397 1300 runt
420 1258 626 1303 artificem
644 1295 654 1314 ,
677 1258 749 1304 sed
770 1270 844 1304 aut
868 1259 1009 1318 ignem
1027 1296 1037 1313 ,
1068 1270 1143 1304 aut
1164 1259 1364 1321 spiritum
1382 1296 1392 1314 ,
1426 1269 1501 1303 aut
1525 1258 1629 1302 cita-

251 1348 270 1366 »
295 1336 388 1371 tum
431 1331 597 1383 aerem,
643 1339 716 1373 aut
756 1346 909 1392 gyrum
951 1329 1168 1374 stellarum
1187 1366 1197 1383 ‚
1258 1339 1331 1373 aut
1384 1327 1632 1374 violentiam

251 1417 272 1437 »
297 1412 507 1458 aquarum
523 1434 532 1452 ‚
567 1409 639 1442 aut
664 1399 893 1444 luminaria
918 1399 1019 1444 coeli
1038 1436 1048 1453 ‚
1076 1409 1260 1444 rectores
1280 1399 1397 1444 orbis
1422 1409 1633 1443 terrarum

251 1465 396 1511 »deos
429 1478 723 1529 putaverunt:
759 1486 947 1532 quorum
979 1469 1155 1532 quidem
1195 1470 1228 1514 si
1257 1470 1399 1532 specie
1434 1468 1634 1514 delectati

252 1557 274 1577 »
297 1535 396 1582 haec
424 1536 525 1582 deos
544 1549 810 1600 putaverunt
826 1576 836 1594 ‚
865 1539 1003 1584 sciant
1022 1550 1186 1602 quanto
1209 1539 1469 1584 Dominator
1488 1555 1635 1595 eorum

254 1628 274 1647 »
301 1607 454 1651 melior
473 1618 546 1653 est.
573 1609 742 1670 Speciei
758 1609 872 1653 enim
892 1621 1116 1667 generator
1133 1627 1178 1654 ea
1195 1610 1370 1655 creavit.
1394 1611 1481 1654 Aut
1495 1609 1529 1653 si
1546 1608 1638 1653 vir-

254 1697 274 1716 »
300 1686 436 1720 tutem
456 1687 497 1721 et
514 1678 812 1739 operationem
837 1696 985 1723 eorum
1008 1680 1149 1724 mirati
1169 1690 1290 1735 sunt,
1314 1678 1558 1738 intelligant
1585 1679 1638 1722 ab

256 1766 278 1785 »
302 1744 371 1790 his
392 1757 557 1807 quanto
579 1748 657 1809 qui
676 1747 774 1792 haec
805 1748 1029 1792 constituit
1057 1748 1213 1793 fortior
1246 1759 1320 1794 est.
1358 1750 1390 1794 A
1417 1748 1639 1807 magnitu-

260 1835 281 1855 »
306 1815 406 1859 dine
435 1816 547 1860 enim
585 1817 739 1878 speciei
775 1828 816 1861 et
846 1828 1058 1862 creaturae
1095 1818 1448 1877 cognoscibiliter
1471 1827 1642 1881 poterat

259 1905 280 1925 ))
304 1884 461 1930 horum
484 1886 662 1930 Creator
678 1886 813 1931 videri
830 1886 846 1915 ‘¹⁴
867 1905 876 1930 :
902 1908 921 1928 ›>
945 1888 1053 1933 Haee
1068 1888 1121 1932 de
1142 1889 1256 1933 libro
1276 1889 1509 1950 Sapientiae
1531 1904 1641 1950 pro-

260 1966 406 2017 pterea
431 1956 559 2018 posui
578 1994 587 2011 ‚
613 1974 664 2000 ne
684 1974 749 2001 me
773 1957 966 2002 fidelium
985 1959 1204 2022 quispiam
1222 1958 1380 2003 frustra
1401 1968 1442 2002 et
1458 1957 1643 2002 inaniter

260 2025 469 2069 existimet
486 2026 529 2070 in
554 2037 751 2071 creatura
772 2028 892 2089 prius
919 2045 996 2090 per
1014 2029 1225 2091 quasdam
1243 2029 1307 2073 sui
1329 2028 1491 2088 generis
1510 2027 1642 2072 trini-

265 2104 366 2139 tates
384 2095 575 2157 quodam
594 2097 724 2141 modo
749 2097 963 2155 gradatim
980 2135 990 2153 ‚
1013 2098 1150 2144 donec
1172 2098 1222 2143 ad
1248 2109 1431 2143 mentem
1453 2098 1643 2142 hominis
1664 2117 1669 2120 “

262 2165 557 2226 pervenirem,
599 2168 799 2228 quaesisse
834 2167 995 2213 indicia
1031 2186 1212 2213 summae
1244 2168 1357 2213 illius
1390 2167 1638 2224 Trinitatis,

262 2250 393 2295 quam
418 2236 655 2296 quaerimus
680 2253 778 2281 cum
802 2238 942 2282 Deum
964 2238 1215 2300 quaerimuS.

331 2303 404 2349 lv.
436 2303 519 2348 Sed
541 2307 745 2366 quoniam
773 2306 1007 2352 disserendi
1036 2318 1076 2352 et
1103 2307 1390 2352 ratiocinandi
1421 2308 1645 2352 necessitas

264 2391 343 2436 per
362 2375 694 2436 quatuordecim
713 2377 848 2423 libros
868 2378 1003 2423 multa
1021 2395 1098 2423 nos
1118 2378 1260 2424 dicere
1284 2377 1521 2440 compulit,
1544 2395 1645 2441 quae

268 2453 428 2488 cuncta
453 2444 581 2489 simul
611 2446 800 2507 aspicere
832 2456 919 2492 non
949 2447 1161 2503 valemus,
1187 2458 1233 2492 ut
1261 2447 1315 2492 acl
1341 2447 1386 2492 id
1417 2447 1535 2509 quod
1564 2465 1645 2510 ap-

264 2513 533 2575 prehendere
568 2514 768 2561 volumus
787 2554 798 2572 ,
848 2535 893 2562 ea
929 2517 1057 2563 celeri
1085 2518 1342 2578 cogitatione
1376 2517 1640 2563 referamus:

314 2594 491 2630 ¹Isa'1'.vtt,
511 2607 544 2636 9.
568 2615 611 2620 —
631 2596 645 2619 ²
661 2599 739 2630 Psal.
758 2610 829 2634 xm„
846 2612 878 2634 α,
897 2619 940 2623 -
955 2598 968 2622 3
986 2604 1079 2634 Rom,
1103 2613 1132 2635 1·
1156 2612 1205 2631 (ιο,
1228 2619 1271 2625 -
1288 2598 1301 2621 ⁴
1320 2602 1394 2641 Sap.
1413 2610 1487 2638 xta,
1512 2601 1579 2632 1-5.
