1894 3154
278 218 371 266 300
706 235 740 264 S.
783 232 1025 263 AUGUSTINI
1061 231 1262 262 EPISCOPI

276 298 423 345 nitatis
447 296 648 345 adversus
671 297 933 344 catholicam
954 298 1177 343 veritatem
1195 335 1206 354 ,
1227 307 1270 342 et
1286 297 1541 342 confirmata
1565 296 1653 341 ani-

279 369 478 415 mositate
501 368 774 415 dissensionis
794 368 997 413 adversus
1020 367 1280 413 catholicam
1299 384 1467 430 pacem.
1493 366 1651 411 Sacra-

278 450 424 486 menta
443 450 587 485 tamen
603 440 638 485 si
657 438 804 484 eadem
824 449 925 483 sunt
943 475 954 494 ,
975 438 1138 501 ubique
1156 438 1319 498 integra
1333 448 1434 483 sunt
1451 474 1462 493 ,
1485 436 1652 482 etiamsi

280 510 414 573 praVe
430 510 730 569 intelliguntur
743 519 786 553 et
803 507 1064 553 discordiose
1082 507 1348 569 tractantur}
1370 508 1481 552 sicut
1499 507 1652 569 Scrip-

281 590 378 625 tura
396 579 533 642 ipsius
557 577 781 637 Evangelii
807 578 842 622 si
863 577 1011 622 eadem
1043 577 1136 639 ipsa
1167 588 1252 633 est,
1278 576 1452 639 {ubique
1487 576 1653 634 integra

279 659 366 704 est,
399 648 566 694 etiamsi
594 647 903 693 innumerabili
933 647 1139 692 falsarum
1163 645 1420 710 opinionum
1450 646 1653 693 varietate

280 728 504 764 asseratur.
532 718 642 763 Nam
662 716 783 780 quod
802 717 862 762 ait
883 717 1084 762 Jeremias
1107 734 1118 761 :
1143 738 1162 758 «
1179 718 1236 761 Ut
1255 716 1362 779 quid
1379 716 1455 779 qui
1474 716 1652 761 contris-

280 810 302 831 »
321 799 414 834 tant
432 805 500 834 me
528 788 802 851 praevalent?
839 787 972 847 Plaga
997 805 1090 833 mea
1114 786 1249 833 solida
1272 797 1358 844 est,
1385 786 1501 832 unde
1524 803 1652 830 sana-

282 859 436 905 »borP
463 860 580 904 Dum
604 859 678 914 fit,
704 857 818 904 facta
846 869 907 903 est
937 858 1048 903 mihi
1080 858 1192 903 sicut
1219 874 1331 920 aqua
1360 856 1541 902 mendax
1566 872 1654 901 non

279 950 302 974 ))
320 930 488 975 habens
512 928 684 976 fidem1.
707 951 727 971 ))
750 929 792 974 Si
818 930 999 989 figurate
1024 939 1149 992 atque
1178 928 1406 988 allegorica
1434 927 1654 972 locutione

278 1000 526 1064 prophetiae
540 1017 754 1063 nusquam
767 1010 1002 1063 poneretur
1016 1017 1126 1063 aqua
1136 1037 1146 1056 ,
1168 999 1249 1043 nisi
1265 1015 1365 1062 quae
1381 998 1653 1060 baptismum

282 1070 566 1129 significaret,
594 1069 888 1114 laboraremus
912 1086 1106 1132 quaerere
1134 1067 1241 1131 quid
1274 1067 1357 1112 sibi
1387 1067 1522 1113 velint
1556 1066 1654 1111 haec

280 1139 413 1185 verba
436 1140 462 1184 J
466 1139 634 1185 eremiae
657 1157 667 1184 ε
696 1156 814 1185 nunc
835 1150 977 1185 autem
1003 1157 1101 1185 cum
1130 1138 1394 1201 apertissime
1415 1136 1460 1182 in
1487 1138 1655 1199 Apoca-

280 1209 396 1272 lypsi
430 1220 699 1273 exponantur
735 1226 861 1273 aquae
892 1227 973 1273 pro
1011 1208 1188 1272 populis
1218 1208 1402 1271 positae2
1423 1244 1433 1262 ,
1463 1223 1543 1252 cur
1568 1223 1654 1252 non

283 1279 519 1339 intelligam
541 1297 698 1342 aquam
717 1279 970 1325 mendacem
997 1289 1039 1325 et
1059 1280 1148 1324 sine
1167 1278 1275 1335 fide,
1300 1276 1517 1342 populum
1537 1294 1654 1322 men-

284 1348 435 1395 dacem
462 1366 512 1395 ac
533 1350 780 1413 perfidum,
806 1351 965 1396 nescio.

346 1420 467 1466 XXI.
510 1441 529 1461 α
556 1421 743 1483 Spiritus
773 1431 917 1466 autem
954 1431 1128 1465 sanctus
1153 1418 1272 1483 quod
1303 1420 1348 1464 in
1373 1418 1460 1464 sola
1484 1418 1655 1464 Catho-

282 1488 391 1546 lica,
423 1506 502 1552 per
526 1507 679 1536 manus
709 1490 1027 1554 impositionem
1057 1489 1153 1535 dari
1182 1489 1369 1544 dicitur,
1394 1510 1414 1530 n
1449 1489 1655 1534 nimirum

282 1558 370 1604 hoc
390 1559 572 1620 intelligi
607 1563 787 1619 majores
814 1561 948 1605 nostri
978 1559 1208 1606 voluerunt
1229 1596 1239 1614 ,
1268 1558 1389 1622 quod
1423 1557 1656 1621 Apostolus

286 1629 344 1675 ait
369 1647 380 1675 2
409 1651 429 1671 c<
449 1630 671 1687 Quoniam
696 1631 885 1677 charitas
908 1631 989 1676 Dei
1009 1630 1165 1676 diffusa
1189 1629 1312 1674 estin
1333 1628 1540 1675 cordibus
1558 1645 1656 1674 nos-

284 1721 305 1742 »
327 1700 401 1746 tris
423 1718 502 1764 per
525 1701 738 1764 Spiritum
762 1712 961 1747 sanctum
985 1703 1061 1764 qui
1077 1701 1203 1746 datus
1221 1711 1282 1745 est
1309 1700 1480 1746 nobisss.
1501 1721 1522 1741 »
1557 1701 1656 1762 Ipsa

284 1781 346 1815 est
378 1771 490 1816 enim
526 1771 739 1827 charitas,
776 1789 907 1835 quam
936 1789 1021 1817 non
1048 1771 1215 1816 habent
1247 1771 1322 1834 qui
1357 1771 1414 1815 ab
1452 1770 1658 1815 Ecclesiae

285 1839 517 1885 catholicae
543 1842 850 1887 communione
872 1841 1043 1904 praecisi
1062 1852 1161 1886 sunt
1182 1859 1192 1886 :
1216 1858 1265 1886 ac
1287 1858 1365 1904 per
1382 1841 1469 1886 hoc
1492 1840 1658 1887 etiamsi

283 1909 441 1968 linguis
480 1910 712 1956 hominum
753 1923 795 1956 et
820 1912 1083 1971 Angelorum
1123 1911 1411 1973 loquantur&
1451 1911 1485 1956 si
1522 1910 1659 1956 sciant

286 1979 430 2025 omnia
453 1992 718 2026 sacramenta
750 1993 791 2027 et
827 1998 1000 2027 omnem
1036 1981 1285 2036 scientiam,
1322 1990 1363 2025 et
1393 1980 1427 2024 si
1466 1979 1659 2024 habeant

287 2066 458 2095 omnem
495 2050 803 2113 prophetiam,
847 2062 887 2097 et
915 2068 1087 2096 omnem
1124 2050 1253 2095 fidem
1273 2087 1283 2106 ,
1316 2050 1376 2095 ita
1408 2060 1457 2095 ut
1494 2059 1658 2095 montes

286 2119 567 2175 transferant,
589 2132 630 2166 et
649 2120 917 2167 distribuant
938 2121 1083 2166 omnia
1103 2138 1177 2166 sua
1200 2120 1467 2183 pauperibus
1483 2157 1493 2175 ,
1516 2130 1557 2164 et
1574 2130 1656 2164 tra-

285 2189 391 2235 dant
416 2207 576 2253 corpus
593 2208 719 2237 suum
739 2203 788 2237 ut
806 2191 1008 2247 ardeant,
1032 2191 1145 2236 nihil
1167 2192 1225 2235 eis
1243 2190 1432 2253 prodest.
1464 2191 1563 2236 Non
1585 2205 1653 2235 au-

287 2270 372 2304 tem
398 2259 565 2306 habent
590 2261 671 2307 Dei
699 2261 958 2307 charitatem
978 2299 989 2317 ,
1016 2261 1092 2324 qui
1121 2261 1325 2306 Ecclesiae
1357 2278 1445 2305 non
1472 2260 1660 2319 diligunt

288 2327 531 2373 unitatem:
566 2347 616 2375 ac
645 2347 723 2393 per
748 2331 835 2376 hoc
867 2341 982 2376 recte
1004 2330 1259 2390 intelligitur
1288 2330 1375 2375 dici
1405 2347 1492 2375 non
1519 2329 1659 2392 accipi

290 2398 371 2443 nisi
390 2397 435 2442 in
458 2398 687 2446 Catholica
707 2400 895 2464 Spiritus
914 2411 1102 2447 sanctus.
1135 2401 1284 2462 Neque
1308 2400 1422 2444 enim
1447 2410 1659 2462 tempora-

289 2467 406 2513 libus
439 2478 481 2512 et
511 2470 786 2517 sensibilibus
819 2471 1039 2517 miraculis
1072 2470 1375 2516 attestantibus
1407 2486 1483 2532 per
1508 2485 1659 2514 manus

337 2551 350 2574 ⁸
367 2553 487 2593 Jesefflae
504 2563 559 2596 XV,
583 2554 636 2589 Ι3.
660 2573 705 2580 -·-
720 2552 735 2577 ²
750 2558 952 2599 Apoc.xx11,
975 2551 1103 2589 15.--³
1122 2557 1213 2587 Rom.
1235 2565 1263 2595 v,
1280 2555 1355 2588 5.-
1377 2551 1391 2576 ⁴
1414 2565 1426 2586 1
1447 2554 1658 2591 Cor.x111‚1.
