<?xml version="1.0" encoding="UTF-8"?>
<!DOCTYPE html PUBLIC "-//W3C//DTD XHTML 1.0 Transitional//EN"
    "http://www.w3.org/TR/xhtml1/DTD/xhtml1-transitional.dtd">
<html xmlns="http://www.w3.org/1999/xhtml" xml:lang="en" lang="en">
 <head>
  <title>
</title>
<meta http-equiv="Content-Type" content="text/html;charset=utf-8" />
  <meta name='ocr-system' content='tesseract 3.04.00' />
  <meta name='ocr-capabilities' content='ocr_page ocr_carea ocr_par ocr_line ocrx_word'/>
</head>
<body>
  <div class='ocr_page' id='page_1' title='image "./operaomniaaccura31auguuoft_0429.png"; bbox 0 0 1894 3154; ppageno 0'>
   <div class='ocr_carea' id='block_1_1' title="bbox 305 354 1546 426">
    <p class='ocr_par' dir='ltr' id='par_1_1' title="bbox 305 354 1546 426">
     <span class='ocr_line' id='line_1_1' title="bbox 305 354 1546 426; baseline 0.002 -21"><span class='ocrx_word' id='word_1_1' title='bbox 305 375 362 406; x_wconf 87' lang='lat' dir='ltr'>DE</span> <span class='ocrx_word' id='word_1_2' title='bbox 397 372 617 405; x_wconf 86' lang='lat' dir='ltr'>BAPTISMO</span> <span class='ocrx_word' id='word_1_3' title='bbox 650 373 824 404; x_wconf 83' lang='lat' dir='ltr'><strong>CONTRA</strong></span> <span class='ocrx_word' id='word_1_4' title='bbox 859 373 1151 416; x_wconf 79' lang='lat' dir='ltr'>DONATISTAS‚</span> <span class='ocrx_word' id='word_1_5' title='bbox 1189 378 1275 408; x_wconf 83' lang='lat' dir='ltr'>LIR.</span> <span class='ocrx_word' id='word_1_6' title='bbox 1314 380 1376 410; x_wconf 86' lang='lat' dir='ltr'>VI.</span> <span class='ocrx_word' id='word_1_7' title='bbox 1451 354 1546 426; x_wconf 70' lang='grc'>419</span> 
     </span>
    </p>
   </div>
   <div class='ocr_carea' id='block_1_2' title="bbox 173 437 1563 2751">
    <p class='ocr_par' dir='ltr' id='par_1_2' title="bbox 173 437 1557 1203">
     <span class='ocr_line' id='line_1_2' title="bbox 175 437 1543 500; baseline 0.004 -16"><span class='ocrx_word' id='word_1_8' title='bbox 175 437 339 485; x_wconf 81' lang='lat' dir='ltr'>Christi</span> <span class='ocrx_word' id='word_1_9' title='bbox 362 440 450 485; x_wconf 86' lang='lat' dir='ltr'>sine</span> <span class='ocrx_word' id='word_1_10' title='bbox 476 438 682 500; x_wconf 78' lang='lat' dir='ltr'>baptismi</span> <span class='ocrx_word' id='word_1_11' title='bbox 701 438 958 500; x_wconf 78' lang='lat' dir='ltr'>purgatione</span> <span class='ocrx_word' id='word_1_12' title='bbox 995 438 1270 497; x_wconf 75' lang='lat' dir='ltr'>admittebat,</span> <span class='ocrx_word' id='word_1_13' title='bbox 1299 453 1340 488; x_wconf 88' lang='lat' dir='ltr'>et</span> <span class='ocrx_word' id='word_1_14' title='bbox 1372 443 1543 489; x_wconf 86' lang='lat' dir='ltr'>nullum</span> 
     </span>
     <span class='ocr_line' id='line_1_3' title="bbox 173 508 1548 574; baseline 0.003 -19"><span class='ocrx_word' id='word_1_15' title='bbox 173 509 391 555; x_wconf 88' lang='lat' dir='ltr'>bonorum</span> <span class='ocrx_word' id='word_1_16' title='bbox 419 510 465 554; x_wconf 93' lang='lat' dir='ltr'>in</span> <span class='ocrx_word' id='word_1_17' title='bbox 490 509 653 554; x_wconf 87' lang='lat' dir='ltr'>unitate</span> <span class='ocrx_word' id='word_1_18' title='bbox 681 508 923 571; x_wconf 78' lang='lat' dir='ltr'>polluebat,</span> <span class='ocrx_word' id='word_1_19' title='bbox 960 509 1225 574; x_wconf 83' lang='lat' dir='ltr'>quicumque</span> <span class='ocrx_word' id='word_1_20' title='bbox 1245 529 1286 557; x_wconf 91' lang='lat' dir='ltr'>se</span> <span class='ocrx_word' id='word_1_21' title='bbox 1316 513 1371 557; x_wconf 88' lang='lat' dir='ltr'>ab</span> <span class='ocrx_word' id='word_1_22' title='bbox 1396 514 1548 559; x_wconf 84' lang='lat' dir='ltr'>eadem</span> 
     </span>
     <span class='ocr_line' id='line_1_4' title="bbox 173 578 1548 646; baseline 0.003 -21"><span class='ocrx_word' id='word_1_23' title='bbox 173 580 352 635; x_wconf 88' lang='lat' dir='ltr'>unitate,</span> <span class='ocrx_word' id='word_1_24' title='bbox 374 580 418 625; x_wconf 91' lang='lat' dir='ltr'>in</span> <span class='ocrx_word' id='word_1_25' title='bbox 440 596 527 642; x_wconf 87' lang='lat' dir='ltr'>qua</span> <span class='ocrx_word' id='word_1_26' title='bbox 549 578 769 624; x_wconf 87' lang='lat' dir='ltr'>nullorum</span> <span class='ocrx_word' id='word_1_27' title='bbox 790 579 1004 625; x_wconf 87' lang='lat' dir='ltr'>malorum</span> <span class='ocrx_word' id='word_1_28' title='bbox 1027 582 1284 641; x_wconf 80' lang='lat' dir='ltr'>contagione</span> <span class='ocrx_word' id='word_1_29' title='bbox 1305 583 1445 645; x_wconf 91' lang='lat' dir='ltr'>pollui</span> <span class='ocrx_word' id='word_1_30' title='bbox 1469 601 1548 646; x_wconf 90' lang='lat' dir='ltr'>po-</span> 
     </span>
     <span class='ocr_line' id='line_1_5' title="bbox 173 648 1549 713; baseline 0.004 -19"><span class='ocrx_word' id='word_1_31' title='bbox 173 660 341 705; x_wconf 80' lang='lat' dir='ltr'>terant,</span> <span class='ocrx_word' id='word_1_32' title='bbox 375 648 534 694; x_wconf 88' lang='lat' dir='ltr'>frustra</span> <span class='ocrx_word' id='word_1_33' title='bbox 578 659 914 711; x_wconf 84' lang='lat' dir='ltr'>separaverunt,</span> <span class='ocrx_word' id='word_1_34' title='bbox 964 651 1238 697; x_wconf 85' lang='lat' dir='ltr'>manifestum</span> <span class='ocrx_word' id='word_1_35' title='bbox 1275 653 1549 713; x_wconf 84' lang='lat' dir='ltr'>sacrilegium</span> 
     </span>
     <span class='ocr_line' id='line_1_6' title="bbox 173 718 1548 782; baseline 0.003 -18"><span class='ocrx_word' id='word_1_36' title='bbox 173 719 416 764; x_wconf 82' lang='lat' dir='ltr'>schismatis</span> <span class='ocrx_word' id='word_1_37' title='bbox 432 718 710 765; x_wconf 87' lang='lat' dir='ltr'>admiserunt.</span> <span class='ocrx_word' id='word_1_38' title='bbox 733 718 777 764; x_wconf 88' lang='lat' dir='ltr'>Si</span> <span class='ocrx_word' id='word_1_39' title='bbox 796 729 936 764; x_wconf 78' lang='lat' dir='ltr'>autem</span> <span class='ocrx_word' id='word_1_40' title='bbox 956 737 1031 782; x_wconf 89' lang='lat' dir='ltr'>per</span> <span class='ocrx_word' id='word_1_41' title='bbox 1048 720 1166 766; x_wconf 87' lang='lat' dir='ltr'>illam</span> <span class='ocrx_word' id='word_1_42' title='bbox 1191 723 1548 768; x_wconf 86' lang='lat' dir='ltr'>consuetudinem</span> 
     </span>
     <span class='ocr_line' id='line_1_7' title="bbox 175 787 1546 853; baseline 0.004 -20"><span class='ocrx_word' id='word_1_43' title='bbox 175 805 322 834; x_wconf 89' lang='lat' dir='ltr'>omnes</span> <span class='ocrx_word' id='word_1_44' title='bbox 346 788 504 852; x_wconf 90' lang='lat' dir='ltr'>polluti</span> <span class='ocrx_word' id='word_1_45' title='bbox 527 788 764 851; x_wconf 85' lang='lat' dir='ltr'>perierunt,</span> <span class='ocrx_word' id='word_1_46' title='bbox 793 787 846 833; x_wconf 89' lang='lat' dir='ltr'>de</span> <span class='ocrx_word' id='word_1_47' title='bbox 870 805 956 852; x_wconf 85' lang='lat' dir='ltr'>qua</span> <span class='ocrx_word' id='word_1_48' title='bbox 980 806 1161 836; x_wconf 82' lang='lat' dir='ltr'>caverna</span> <span class='ocrx_word' id='word_1_49' title='bbox 1185 791 1252 836; x_wconf 89' lang='lat' dir='ltr'>isti</span> <span class='ocrx_word' id='word_1_50' title='bbox 1293 794 1381 838; x_wconf 86' lang='lat' dir='ltr'>sine</span> <span class='ocrx_word' id='word_1_51' title='bbox 1408 793 1546 853; x_wconf 84' lang='lat' dir='ltr'>origi-</span> 
     </span>
     <span class='ocr_line' id='line_1_8' title="bbox 173 858 1550 925; baseline 0.003 -21"><span class='ocrx_word' id='word_1_52' title='bbox 173 858 261 904; x_wconf 85' lang='lat' dir='ltr'>nali</span> <span class='ocrx_word' id='word_1_53' title='bbox 283 859 461 905; x_wconf 82' lang='lat' dir='ltr'>veritate</span> <span class='ocrx_word' id='word_1_54' title='bbox 482 869 524 904; x_wconf 88' lang='lat' dir='ltr'>et</span> <span class='ocrx_word' id='word_1_55' title='bbox 545 875 646 904; x_wconf 90' lang='lat' dir='ltr'>cum</span> <span class='ocrx_word' id='word_1_56' title='bbox 673 859 909 904; x_wconf 81' lang='lat' dir='ltr'>calumniae</span> <span class='ocrx_word' id='word_1_57' title='bbox 934 859 1172 906; x_wconf 86' lang='lat' dir='ltr'>calliditate</span> <span class='ocrx_word' id='word_1_58' title='bbox 1210 863 1470 925; x_wconf 86' lang='lat' dir='ltr'>procedunt.</span> <span class='ocrx_word' id='word_1_59' title='bbox 1504 864 1550 910; x_wconf 81' lang='lat' dir='ltr'>Si</span> 
     </span>
     <span class='ocr_line' id='line_1_9' title="bbox 173 928 1551 995; baseline 0.003 -20"><span class='ocrx_word' id='word_1_60' title='bbox 173 946 275 976; x_wconf 86' lang='lat' dir='ltr'>vero</span> <span class='ocrx_word' id='word_1_61' title='bbox 300 940 416 975; x_wconf 87' lang='lat' dir='ltr'>recta</span> <span class='ocrx_word' id='word_1_62' title='bbox 432 929 572 975; x_wconf 86' lang='lat' dir='ltr'>fuerat</span> <span class='ocrx_word' id='word_1_63' title='bbox 590 928 876 985; x_wconf 86' lang='lat' dir='ltr'>consuetud0‚</span> <span class='ocrx_word' id='word_1_64' title='bbox 901 946 988 992; x_wconf 84' lang='lat' dir='ltr'>qua</span> <span class='ocrx_word' id='word_1_65' title='bbox 1008 931 1067 976; x_wconf 89' lang='lat' dir='ltr'>sic</span> <span class='ocrx_word' id='word_1_66' title='bbox 1087 932 1438 995; x_wconf 74' lang='lat' dir='ltr'>suscipiebantur</span> <span class='ocrx_word' id='word_1_67' title='bbox 1453 934 1551 978; x_wconf 86' lang='lat' dir='ltr'>hae-</span> 
     </span>
     <span class='ocr_line' id='line_1_10' title="bbox 176 1000 1556 1064; baseline 0.003 -18"><span class='ocrx_word' id='word_1_68' title='bbox 176 1001 316 1056; x_wconf 66' lang='lat' dir='ltr'>retici,</span> <span class='ocrx_word' id='word_1_69' title='bbox 338 1001 586 1064; x_wconf 85' lang='lat' dir='ltr'>relinquant</span> <span class='ocrx_word' id='word_1_70' title='bbox 606 1000 814 1051; x_wconf 80' lang='lat' dir='ltr'>furorem,</span> <span class='ocrx_word' id='word_1_71' title='bbox 832 1000 1049 1047; x_wconf 86' lang='lat' dir='ltr'>fateantur</span> <span class='ocrx_word' id='word_1_72' title='bbox 1069 1019 1284 1057; x_wconf 77' lang='lat' dir='ltr'>errorem3</span> <span class='ocrx_word' id='word_1_73' title='bbox 1310 1006 1485 1049; x_wconf 76' lang='lat' dir='ltr'>veniant</span> <span class='ocrx_word' id='word_1_74' title='bbox 1501 1005 1556 1050; x_wconf 87' lang='lat' dir='ltr'>ad</span> 
     </span>
     <span class='ocr_line' id='line_1_11' title="bbox 178 1070 1557 1138; baseline 0.003 -22"><span class='ocrx_word' id='word_1_75' title='bbox 178 1070 470 1125; x_wconf 74' lang='lat' dir='ltr'>catholicam,</span> <span class='ocrx_word' id='word_1_76' title='bbox 500 1087 589 1115; x_wconf 91' lang='lat' dir='ltr'>non</span> <span class='ocrx_word' id='word_1_77' title='bbox 614 1080 662 1115; x_wconf 84' lang='lat' dir='ltr'>ut</span> <span class='ocrx_word' id='word_1_78' title='bbox 683 1070 986 1129; x_wconf 88' lang='lat' dir='ltr'>retinguantur</span> <span class='ocrx_word' id='word_1_79' title='bbox 1017 1084 1284 1119; x_wconf 88' lang='lat' dir='ltr'>sacramento</span> <span class='ocrx_word' id='word_1_80' title='bbox 1311 1074 1557 1138; x_wconf 82' lang='lat' dir='ltr'>baptisma-</span> 
     </span>
     <span class='ocr_line' id='line_1_12' title="bbox 175 1141 1133 1203; baseline 0.002 -16"><span class='ocrx_word' id='word_1_81' title='bbox 175 1141 246 1197; x_wconf 85' lang='lat' dir='ltr'>tis,</span> <span class='ocrx_word' id='word_1_82' title='bbox 268 1141 342 1186; x_wconf 90' lang='lat' dir='ltr'>sed</span> <span class='ocrx_word' id='word_1_83' title='bbox 364 1152 411 1186; x_wconf 88' lang='lat' dir='ltr'>ut</span> <span class='ocrx_word' id='word_1_84' title='bbox 436 1151 643 1186; x_wconf 84' lang='lat' dir='ltr'>curentur</span> <span class='ocrx_word' id='word_1_85' title='bbox 671 1158 694 1185; x_wconf 90' lang='lat' dir='ltr'>a</span> <span class='ocrx_word' id='word_1_86' title='bbox 714 1141 840 1203; x_wconf 81' lang='lat' dir='ltr'>plaga</span> <span class='ocrx_word' id='word_1_87' title='bbox 861 1142 1133 1190; x_wconf 79' lang='lat' dir='ltr'>concisionis,</span> 
     </span>
    </p>

    <p class='ocr_par' dir='ltr' id='par_1_3' title="bbox 176 1211 1563 1485">
     <span class='ocr_line' id='line_1_13' title="bbox 237 1211 1560 1272; baseline 0.005 -16"><span class='ocrx_word' id='word_1_88' title='bbox 237 1213 446 1257; x_wconf 82' lang='lat' dir='ltr'>LXXIII.</span> <span class='ocrx_word' id='word_1_89' title='bbox 480 1212 643 1256; x_wconf 84' lang='lat' dir='ltr'>Lucius</span> <span class='ocrx_word' id='word_1_90' title='bbox 667 1229 689 1256; x_wconf 91' lang='lat' dir='ltr'>a</span> <span class='ocrx_word' id='word_1_91' title='bbox 710 1211 926 1256; x_wconf 88' lang='lat' dir='ltr'>Thebeste</span> <span class='ocrx_word' id='word_1_92' title='bbox 945 1211 1051 1257; x_wconf 74' lang='lat' dir='ltr'>dixit</span> <span class='ocrx_word' id='word_1_93' title='bbox 1077 1230 1087 1257; x_wconf 72' lang='grc' dir='ltr'>ι</span> <span class='ocrx_word' id='word_1_94' title='bbox 1113 1235 1133 1254; x_wconf 73' lang='grc' dir='ltr'>α</span> <span class='ocrx_word' id='word_1_95' title='bbox 1152 1214 1392 1262; x_wconf 79' lang='lat' dir='ltr'>Haereticos</span> <span class='ocrx_word' id='word_1_96' title='bbox 1409 1255 1418 1272; x_wconf 77' lang='lat'><strong><em>‚</em></strong></span> <span class='ocrx_word' id='word_1_97' title='bbox 1439 1217 1560 1262; x_wconf 84' lang='lat' dir='ltr'>blas-</span> 
     </span>
     <span class='ocr_line' id='line_1_14' title="bbox 176 1281 1563 1346; baseline 0.006 -21"><span class='ocrx_word' id='word_1_98' title='bbox 176 1281 376 1344; x_wconf 79' lang='lat' dir='ltr'>phemos,</span> <span class='ocrx_word' id='word_1_99' title='bbox 408 1292 537 1344; x_wconf 85' lang='lat' dir='ltr'>atque</span> <span class='ocrx_word' id='word_1_100' title='bbox 558 1282 728 1344; x_wconf 87' lang='lat' dir='ltr'>iniquos</span> <span class='ocrx_word' id='word_1_101' title='bbox 745 1281 888 1326; x_wconf 84' lang='lat' dir='ltr'>verbis</span> <span class='ocrx_word' id='word_1_102' title='bbox 907 1282 1038 1327; x_wconf 87' lang='lat' dir='ltr'>variis</span> <span class='ocrx_word' id='word_1_103' title='bbox 1061 1282 1341 1346; x_wconf 84' lang='lat' dir='ltr'>decerpentes</span> <span class='ocrx_word' id='word_1_104' title='bbox 1360 1298 1506 1332; x_wconf 85' lang='lat' dir='ltr'>sancta</span> <span class='ocrx_word' id='word_1_105' title='bbox 1521 1297 1563 1332; x_wconf 82' lang='lat' dir='ltr'>et</span> 
     </span>
     <span class='ocr_line' id='line_1_15' title="bbox 180 1351 1560 1414; baseline 0.005 -18"><span class='ocrx_word' id='word_1_106' title='bbox 180 1351 422 1397; x_wconf 85' lang='lat' dir='ltr'>adorabilia</span> <span class='ocrx_word' id='word_1_107' title='bbox 453 1352 782 1414; x_wconf 86' lang='lat' dir='ltr'>Scripturarum</span> <span class='ocrx_word' id='word_1_108' title='bbox 805 1352 936 1396; x_wconf 73' lang='lat' dir='ltr'>verba</span> <span class='ocrx_word' id='word_1_109' title='bbox 955 1388 966 1407; x_wconf 72' lang='grc'><em>,</em></span> <span class='ocrx_word' id='word_1_110' title='bbox 1006 1354 1265 1399; x_wconf 86' lang='lat' dir='ltr'>execrandos</span> <span class='ocrx_word' id='word_1_111' title='bbox 1297 1372 1475 1410; x_wconf 80' lang='lat' dir='ltr'>cense03</span> <span class='ocrx_word' id='word_1_112' title='bbox 1518 1368 1560 1403; x_wconf 84' lang='lat' dir='ltr'>et</span> 
     </span>
     <span class='ocr_line' id='line_1_16' title="bbox 180 1422 1040 1485; baseline -0.005 -18"><span class='ocrx_word' id='word_1_113' title='bbox 180 1422 278 1468; x_wconf 90' lang='lat' dir='ltr'>ideo</span> <span class='ocrx_word' id='word_1_114' title='bbox 298 1422 600 1467; x_wconf 80' lang='lat' dir='ltr'>exorcizandos</span> <span class='ocrx_word' id='word_1_115' title='bbox 620 1433 660 1467; x_wconf 90' lang='lat' dir='ltr'>et</span> <span class='ocrx_word' id='word_1_116' title='bbox 684 1422 990 1485; x_wconf 84' lang='lat' dir='ltr'>baptizandos.</span> <span class='ocrx_word' id='word_1_117' title='bbox 1020 1443 1040 1464; x_wconf 64' lang='lat'>&gt;³</span> 
     </span>
    </p>

    <p class='ocr_par' dir='ltr' id='par_1_4' title="bbox 178 1491 1560 1750">
     <span class='ocr_line' id='line_1_17' title="bbox 244 1491 1559 1551; baseline 0.006 -15"><span class='ocrx_word' id='word_1_118' title='bbox 244 1492 442 1537; x_wconf 81' lang='lat' dir='ltr'><strong>LXXIV.</strong></span> <span class='ocrx_word' id='word_1_119' title='bbox 492 1492 546 1536; x_wconf 90' lang='lat' dir='ltr'>Et</span> <span class='ocrx_word' id='word_1_120' title='bbox 581 1509 681 1551; x_wconf 88' lang='lat' dir='ltr'>ergo</span> <span class='ocrx_word' id='word_1_121' title='bbox 717 1491 975 1537; x_wconf 78' lang='lat' dir='ltr'>execrandos</span> <span class='ocrx_word' id='word_1_122' title='bbox 1014 1510 1165 1539; x_wconf 88' lang='lat' dir='ltr'>censeo</span> <span class='ocrx_word' id='word_1_123' title='bbox 1188 1532 1198 1549; x_wconf 75' lang='lat'><strong><em>‚</em></strong></span> <span class='ocrx_word' id='word_1_124' title='bbox 1238 1496 1308 1540; x_wconf 91' lang='lat' dir='ltr'>sed</span> <span class='ocrx_word' id='word_1_125' title='bbox 1343 1515 1430 1542; x_wconf 88' lang='lat' dir='ltr'>non</span> <span class='ocrx_word' id='word_1_126' title='bbox 1462 1497 1559 1544; x_wconf 90' lang='lat' dir='ltr'>ideo</span> 
     </span>
     <span class='ocr_line' id='line_1_18' title="bbox 178 1562 1559 1628; baseline 0.006 -22"><span class='ocrx_word' id='word_1_127' title='bbox 178 1562 481 1607; x_wconf 85' lang='lat' dir='ltr'>exorcizandos</span> <span class='ocrx_word' id='word_1_128' title='bbox 508 1572 549 1607; x_wconf 86' lang='lat' dir='ltr'>et</span> <span class='ocrx_word' id='word_1_129' title='bbox 573 1562 874 1624; x_wconf 84' lang='lat' dir='ltr'>baptizandos,</span> <span class='ocrx_word' id='word_1_130' title='bbox 912 1563 1114 1625; x_wconf 87' lang='lat' dir='ltr'>Ipsorum</span> <span class='ocrx_word' id='word_1_131' title='bbox 1147 1575 1210 1609; x_wconf 90' lang='lat' dir='ltr'>est</span> <span class='ocrx_word' id='word_1_132' title='bbox 1236 1567 1347 1611; x_wconf 91' lang='lat' dir='ltr'>enim</span> <span class='ocrx_word' id='word_1_133' title='bbox 1373 1568 1559 1628; x_wconf 87' lang='lat' dir='ltr'>figmen-</span> 
     </span>
     <span class='ocr_line' id='line_1_19' title="bbox 179 1631 1560 1701; baseline 0.006 -25"><span class='ocrx_word' id='word_1_134' title='bbox 179 1642 272 1677; x_wconf 87' lang='lat' dir='ltr'>tum</span> <span class='ocrx_word' id='word_1_135' title='bbox 309 1631 429 1694; x_wconf 86' lang='lat' dir='ltr'>quod</span> <span class='ocrx_word' id='word_1_136' title='bbox 463 1648 635 1677; x_wconf 75' lang='lat' dir='ltr'>execror</span> <span class='ocrx_word' id='word_1_137' title='bbox 657 1667 669 1688; x_wconf 88' lang='lat'><strong>,</strong></span> <span class='ocrx_word' id='word_1_138' title='bbox 711 1631 875 1678; x_wconf 89' lang='lat' dir='ltr'>Christi</span> <span class='ocrx_word' id='word_1_139' title='bbox 906 1643 1049 1678; x_wconf 84' lang='lat' dir='ltr'>autem</span> <span class='ocrx_word' id='word_1_140' title='bbox 1092 1648 1410 1682; x_wconf 86' lang='lat' dir='ltr'>sacramentum</span> <span class='ocrx_word' id='word_1_141' title='bbox 1438 1639 1560 1701; x_wconf 86' lang='lat' dir='ltr'>quod</span> 
     </span>
     <span class='ocr_line' id='line_1_20' title="bbox 180 1719 373 1750; baseline -0.005 0"><span class='ocrx_word' id='word_1_142' title='bbox 180 1719 373 1750; x_wconf 86' lang='lat' dir='ltr'>veneror.</span> 
     </span>
    </p>

    <p class='ocr_par' dir='ltr' id='par_1_5' title="bbox 179 1774 1560 1906">
     <span class='ocr_line' id='line_1_21' title="bbox 245 1774 1560 1839; baseline 0.005 -20"><span class='ocrx_word' id='word_1_143' title='bbox 245 1774 421 1821; x_wconf 84' lang='lat' dir='ltr'><strong>LXXV.</strong></span> <span class='ocrx_word' id='word_1_144' title='bbox 463 1774 681 1833; x_wconf 90' lang='lat' dir='ltr'>Eugenius</span> <span class='ocrx_word' id='word_1_145' title='bbox 709 1774 765 1818; x_wconf 90' lang='lat' dir='ltr'>ab</span> <span class='ocrx_word' id='word_1_146' title='bbox 790 1774 1048 1820; x_wconf 86' lang='lat' dir='ltr'>Ammedera</span> <span class='ocrx_word' id='word_1_147' title='bbox 1074 1774 1208 1821; x_wconf 79' lang='lat' dir='ltr'>dixit:</span> <span class='ocrx_word' id='word_1_148' title='bbox 1243 1797 1263 1818; x_wconf 83' lang='lat'>«</span> <span class='ocrx_word' id='word_1_149' title='bbox 1282 1779 1338 1823; x_wconf 88' lang='lat' dir='ltr'>Et</span> <span class='ocrx_word' id='word_1_150' title='bbox 1362 1796 1438 1839; x_wconf 89' lang='lat' dir='ltr'>ego</span> <span class='ocrx_word' id='word_1_151' title='bbox 1472 1780 1560 1826; x_wconf 84' lang='lat' dir='ltr'>hoc</span> 
     </span>
     <span class='ocr_line' id='line_1_22' title="bbox 179 1843 1222 1906; baseline -0.002 -17"><span class='ocrx_word' id='word_1_152' title='bbox 179 1844 294 1890; x_wconf 91' lang='lat' dir='ltr'>idem</span> <span class='ocrx_word' id='word_1_153' title='bbox 319 1861 470 1890; x_wconf 89' lang='lat' dir='ltr'>censeo</span> <span class='ocrx_word' id='word_1_154' title='bbox 485 1881 494 1899; x_wconf 87' lang='lat'><strong>‚</strong></span> <span class='ocrx_word' id='word_1_155' title='bbox 521 1843 750 1889; x_wconf 76' lang='lat' dir='ltr'>haereticos</span> <span class='ocrx_word' id='word_1_156' title='bbox 771 1843 1058 1906; x_wconf 89' lang='lat' dir='ltr'>baptizandos</span> <span class='ocrx_word' id='word_1_157' title='bbox 1075 1862 1174 1892; x_wconf 88' lang='lat' dir='ltr'>esse.</span> <span class='ocrx_word' id='word_1_158' title='bbox 1203 1868 1222 1888; x_wconf 78' lang='grc'>»</span> 
     </span>
    </p>

    <p class='ocr_par' dir='ltr' id='par_1_6' title="bbox 179 1913 1560 2192">
     <span class='ocr_line' id='line_1_23' title="bbox 244 1913 1560 1977; baseline 0.005 -17"><span class='ocrx_word' id='word_1_159' title='bbox 244 1915 443 1961; x_wconf 82' lang='lat' dir='ltr'>LXXVI.</span> <span class='ocrx_word' id='word_1_160' title='bbox 476 1914 592 1960; x_wconf 88' lang='lat' dir='ltr'>Huic</span> <span class='ocrx_word' id='word_1_161' title='bbox 627 1913 932 1977; x_wconf 85' lang='lat' dir='ltr'>respondetur:</span> <span class='ocrx_word' id='word_1_162' title='bbox 962 1915 1047 1960; x_wconf 86' lang='lat' dir='ltr'>Sed</span> <span class='ocrx_word' id='word_1_163' title='bbox 1072 1934 1159 1962; x_wconf 90' lang='lat' dir='ltr'>non</span> <span class='ocrx_word' id='word_1_164' title='bbox 1188 1917 1275 1963; x_wconf 89' lang='lat' dir='ltr'>hoc</span> <span class='ocrx_word' id='word_1_165' title='bbox 1300 1931 1442 1965; x_wconf 90' lang='lat' dir='ltr'>censet</span> <span class='ocrx_word' id='word_1_166' title='bbox 1472 1922 1560 1967; x_wconf 81' lang='lat' dir='ltr'>Ec-</span> 
     </span>
     <span class='ocr_line' id='line_1_24' title="bbox 180 1986 1552 2050; baseline 0.004 -17"><span class='ocrx_word' id='word_1_167' title='bbox 180 1988 307 2034; x_wconf 88' lang='lat' dir='ltr'>clesia</span> <span class='ocrx_word' id='word_1_168' title='bbox 328 2025 338 2043; x_wconf 82' lang='lat'>‚</span> <span class='ocrx_word' id='word_1_169' title='bbox 370 1988 441 2032; x_wconf 90' lang='lat' dir='ltr'>cui</span> <span class='ocrx_word' id='word_1_170' title='bbox 476 1989 592 2032; x_wconf 87' lang='lat' dir='ltr'>Deus</span> <span class='ocrx_word' id='word_1_171' title='bbox 611 1990 703 2046; x_wconf 87' lang='lat' dir='ltr'>jam</span> <span class='ocrx_word' id='word_1_172' title='bbox 734 1986 930 2050; x_wconf 88' lang='lat' dir='ltr'>plenario</span> <span class='ocrx_word' id='word_1_173' title='bbox 953 1989 1081 2033; x_wconf 87' lang='lat' dir='ltr'>etiam</span> <span class='ocrx_word' id='word_1_174' title='bbox 1115 1990 1303 2037; x_wconf 90' lang='lat' dir='ltr'>concilio</span> <span class='ocrx_word' id='word_1_175' title='bbox 1327 1993 1552 2049; x_wconf 80' lang='lat' dir='ltr'>revelavit,</span> 
     </span>
     <span class='ocr_line' id='line_1_25' title="bbox 180 2054 1557 2127; baseline 0.005 -24"><span class='ocrx_word' id='word_1_176' title='bbox 180 2058 299 2120; x_wconf 92' lang='lat' dir='ltr'>quod</span> <span class='ocrx_word' id='word_1_177' title='bbox 326 2054 430 2103; x_wconf 85' lang='lat' dir='ltr'>tunc</span> <span class='ocrx_word' id='word_1_178' title='bbox 467 2057 614 2102; x_wconf 84' lang='lat' dir='ltr'>adhuc</span> <span class='ocrx_word' id='word_1_179' title='bbox 651 2057 773 2102; x_wconf 90' lang='lat' dir='ltr'>aliter</span> <span class='ocrx_word' id='word_1_180' title='bbox 798 2057 974 2120; x_wconf 86' lang='lat' dir='ltr'>quidem</span> <span class='ocrx_word' id='word_1_181' title='bbox 999 2059 1233 2121; x_wconf 86' lang='lat' dir='ltr'>sapiebatis</span> <span class='ocrx_word' id='word_1_182' title='bbox 1258 2060 1276 2089; x_wconf 73' lang='lat'><strong>1</strong></span> <span class='ocrx_word' id='word_1_183' title='bbox 1299 2081 1309 2112; x_wconf 88' lang='grc'>;</span> <span class='ocrx_word' id='word_1_184' title='bbox 1346 2062 1417 2107; x_wconf 83' lang='lat' dir='ltr'>sed</span> <span class='ocrx_word' id='word_1_185' title='bbox 1454 2065 1557 2127; x_wconf 83' lang='lat' dir='ltr'>quia</span> 
     </span>
     <span class='ocr_line' id='line_1_26' title="bbox 179 2128 1450 2192; baseline 0.004 -19"><span class='ocrx_word' id='word_1_186' title='bbox 179 2129 224 2174; x_wconf 90' lang='lat' dir='ltr'>in</span> <span class='ocrx_word' id='word_1_187' title='bbox 246 2129 368 2173; x_wconf 89' lang='lat' dir='ltr'>vobis</span> <span class='ocrx_word' id='word_1_188' title='bbox 384 2128 575 2174; x_wconf 87' lang='lat' dir='ltr'>charitas</span> <span class='ocrx_word' id='word_1_189' title='bbox 593 2128 709 2173; x_wconf 83' lang='lat' dir='ltr'>salva</span> <span class='ocrx_word' id='word_1_190' title='bbox 726 2138 835 2180; x_wconf 75' lang='lat' dir='ltr'>erat,</span> <span class='ocrx_word' id='word_1_191' title='bbox 863 2128 907 2172; x_wconf 90' lang='lat' dir='ltr'>in</span> <span class='ocrx_word' id='word_1_192' title='bbox 928 2129 1093 2174; x_wconf 86' lang='lat' dir='ltr'>unitate</span> <span class='ocrx_word' id='word_1_193' title='bbox 1114 2132 1450 2192; x_wconf 88' lang='lat' dir='ltr'>permanebatis.</span> 
     </span>
    </p>

    <p class='ocr_par' dir='ltr' id='par_1_7' title="bbox 178 2197 1556 2693">
     <span class='ocr_line' id='line_1_27' title="bbox 243 2197 1556 2252; baseline 0.005 -8"><span class='ocrx_word' id='word_1_194' title='bbox 243 2198 465 2244; x_wconf 80' lang='lat' dir='ltr'>LXXVII.</span> <span class='ocrx_word' id='word_1_195' title='bbox 504 2200 614 2242; x_wconf 89' lang='lat' dir='ltr'>Item</span> <span class='ocrx_word' id='word_1_196' title='bbox 644 2197 750 2242; x_wconf 88' lang='lat' dir='ltr'>alius</span> <span class='ocrx_word' id='word_1_197' title='bbox 778 2197 891 2242; x_wconf 74' lang='lat' dir='ltr'>Felix</span> <span class='ocrx_word' id='word_1_198' title='bbox 920 2198 975 2242; x_wconf 89' lang='lat' dir='ltr'>ab</span> <span class='ocrx_word' id='word_1_199' title='bbox 1014 2200 1252 2245; x_wconf 84' lang='lat' dir='ltr'>Amaccura</span> <span class='ocrx_word' id='word_1_200' title='bbox 1279 2201 1384 2248; x_wconf 82' lang='lat' dir='ltr'>dixit</span> <span class='ocrx_word' id='word_1_201' title='bbox 1408 2221 1418 2249; x_wconf 92' lang='lat'><strong>:</strong></span> <span class='ocrx_word' id='word_1_202' title='bbox 1461 2226 1481 2246; x_wconf 72' lang='lat' dir='ltr'>c&lt;</span> <span class='ocrx_word' id='word_1_203' title='bbox 1502 2210 1556 2252; x_wconf 87' lang='lat' dir='ltr'>Et</span> 
     </span>
     <span class='ocr_line' id='line_1_28' title="bbox 178 2267 1556 2331; baseline 0.006 -17"><span class='ocrx_word' id='word_1_204' title='bbox 178 2269 272 2331; x_wconf 81' lang='lat' dir='ltr'>ipse</span> <span class='ocrx_word' id='word_1_205' title='bbox 289 2279 458 2314; x_wconf 89' lang='lat' dir='ltr'>secutus</span> <span class='ocrx_word' id='word_1_206' title='bbox 479 2267 725 2313; x_wconf 82' lang='lat' dir='ltr'>divinarum</span> <span class='ocrx_word' id='word_1_207' title='bbox 757 2268 1083 2331; x_wconf 85' lang='lat' dir='ltr'>Scripturarum</span> <span class='ocrx_word' id='word_1_208' title='bbox 1114 2272 1432 2331; x_wconf 87' lang='lat' dir='ltr'>auctoritatem,</span> <span class='ocrx_word' id='word_1_209' title='bbox 1457 2275 1556 2323; x_wconf 66' lang='lat' dir='ltr'>hae-</span> 
     </span>
     <span class='ocr_line' id='line_1_29' title="bbox 179 2338 1555 2409; baseline 0.007 -25"><span class='ocrx_word' id='word_1_210' title='bbox 179 2339 334 2384; x_wconf 89' lang='lat' dir='ltr'>reticos</span> <span class='ocrx_word' id='word_1_211' title='bbox 363 2338 652 2401; x_wconf 89' lang='lat' dir='ltr'>baptizandos</span> <span class='ocrx_word' id='word_1_212' title='bbox 676 2355 762 2383; x_wconf 89' lang='lat' dir='ltr'>esse</span> <span class='ocrx_word' id='word_1_213' title='bbox 786 2355 935 2383; x_wconf 87' lang='lat' dir='ltr'>censeo</span> <span class='ocrx_word' id='word_1_214' title='bbox 959 2358 969 2391; x_wconf 90' lang='lat'>;</span> <span class='ocrx_word' id='word_1_215' title='bbox 995 2339 1067 2384; x_wconf 88' lang='lat' dir='ltr'>sed</span> <span class='ocrx_word' id='word_1_216' title='bbox 1091 2350 1132 2384; x_wconf 85' lang='lat' dir='ltr'>et</span> <span class='ocrx_word' id='word_1_217' title='bbox 1155 2357 1224 2385; x_wconf 81' lang='lat' dir='ltr'>eos</span> <span class='ocrx_word' id='word_1_218' title='bbox 1255 2342 1330 2404; x_wconf 86' lang='lat' dir='ltr'>qui</span> <span class='ocrx_word' id='word_1_219' title='bbox 1363 2361 1406 2390; x_wconf 91' lang='lat' dir='ltr'>se</span> <span class='ocrx_word' id='word_1_220' title='bbox 1436 2347 1555 2409; x_wconf 87' lang='lat' dir='ltr'>apud</span> 
     </span>
     <span class='ocr_line' id='line_1_30' title="bbox 181 2409 1555 2474; baseline 0.007 -20"><span class='ocrx_word' id='word_1_221' title='bbox 181 2409 477 2454; x_wconf 87' lang='lat' dir='ltr'>schismaticos</span> <span class='ocrx_word' id='word_1_222' title='bbox 503 2409 749 2472; x_wconf 85' lang='lat' dir='ltr'>baptizatos</span> <span class='ocrx_word' id='word_1_223' title='bbox 769 2425 853 2453; x_wconf 86' lang='lat' dir='ltr'>esse</span> <span class='ocrx_word' id='word_1_224' title='bbox 877 2410 1162 2474; x_wconf 74' lang='lat' dir='ltr'>contendunt.v</span> <span class='ocrx_word' id='word_1_225' title='bbox 1192 2412 1237 2456; x_wconf 76' lang='lat' dir='ltr'>Si</span> <span class='ocrx_word' id='word_1_226' title='bbox 1259 2413 1372 2458; x_wconf 89' lang='lat' dir='ltr'>enim</span> <span class='ocrx_word' id='word_1_227' title='bbox 1399 2432 1555 2463; x_wconf 88' lang='lat' dir='ltr'>secun-</span> 
     </span>
     <span class='ocr_line' id='line_1_31' title="bbox 181 2477 1555 2548; baseline 0.007 -24"><span class='ocrx_word' id='word_1_228' title='bbox 181 2479 287 2524; x_wconf 90' lang='lat' dir='ltr'>dum</span> <span class='ocrx_word' id='word_1_229' title='bbox 306 2489 483 2525; x_wconf 90' lang='lat' dir='ltr'>cautum</span> <span class='ocrx_word' id='word_1_230' title='bbox 501 2478 691 2535; x_wconf 78' lang='lat' dir='ltr'>Christi,</span> <span class='ocrx_word' id='word_1_231' title='bbox 718 2478 914 2542; x_wconf 88' lang='lat' dir='ltr'>privatus</span> <span class='ocrx_word' id='word_1_232' title='bbox 937 2477 1032 2525; x_wconf 87' lang='lat' dir='ltr'>fons</span> <span class='ocrx_word' id='word_1_233' title='bbox 1050 2491 1194 2526; x_wconf 89' lang='lat' dir='ltr'>noster</span> <span class='ocrx_word' id='word_1_234' title='bbox 1212 2492 1292 2538; x_wconf 80' lang='lat' dir='ltr'>est,</span> <span class='ocrx_word' id='word_1_235' title='bbox 1311 2484 1555 2548; x_wconf 88' lang='lat' dir='ltr'>intelligant</span> 
     </span>
     <span class='ocr_line' id='line_1_32' title="bbox 180 2548 1556 2614; baseline 0.007 -19"><span class='ocrx_word' id='word_1_236' title='bbox 180 2550 330 2595; x_wconf 82' lang='lat' dir='ltr'>cuncti</span> <span class='ocrx_word' id='word_1_237' title='bbox 347 2549 550 2595; x_wconf 81' lang='lat' dir='ltr'>Ecclesiae</span> <span class='ocrx_word' id='word_1_238' title='bbox 574 2561 733 2595; x_wconf 82' lang='lat' dir='ltr'>nostrae</span> <span class='ocrx_word' id='word_1_239' title='bbox 752 2548 984 2594; x_wconf 85' lang='lat' dir='ltr'>adversarii</span> <span class='ocrx_word' id='word_1_240' title='bbox 1005 2587 1015 2605; x_wconf 82' lang='grc'>,</span> <span class='ocrx_word' id='word_1_241' title='bbox 1043 2551 1146 2614; x_wconf 86' lang='lat' dir='ltr'>quia</span> <span class='ocrx_word' id='word_1_242' title='bbox 1171 2552 1336 2600; x_wconf 84' lang='lat' dir='ltr'>alienus</span> <span class='ocrx_word' id='word_1_243' title='bbox 1360 2573 1446 2602; x_wconf 91' lang='lat' dir='ltr'>esse</span> <span class='ocrx_word' id='word_1_244' title='bbox 1467 2552 1556 2605; x_wconf 88' lang='lat' dir='ltr'>non</span> 
     </span>
     <span class='ocr_line' id='line_1_33' title="bbox 180 2619 1551 2693; baseline 0.006 -26"><span class='ocrx_word' id='word_1_245' title='bbox 180 2631 339 2687; x_wconf 85' lang='lat' dir='ltr'>potest,</span> <span class='ocrx_word' id='word_1_246' title='bbox 365 2638 443 2667; x_wconf 91' lang='lat' dir='ltr'>nec</span> <span class='ocrx_word' id='word_1_247' title='bbox 466 2620 640 2666; x_wconf 88' lang='lat' dir='ltr'>duobus</span> <span class='ocrx_word' id='word_1_248' title='bbox 655 2619 833 2683; x_wconf 90' lang='lat' dir='ltr'>populis</span> <span class='ocrx_word' id='word_1_249' title='bbox 854 2619 1081 2667; x_wconf 84' lang='lat' dir='ltr'>salutarem</span> <span class='ocrx_word' id='word_1_250' title='bbox 1100 2639 1255 2686; x_wconf 87' lang='lat' dir='ltr'>aquam</span> <span class='ocrx_word' id='word_1_251' title='bbox 1275 2626 1463 2673; x_wconf 83' lang='lat' dir='ltr'>tribuere</span> <span class='ocrx_word' id='word_1_252' title='bbox 1471 2647 1551 2693; x_wconf 90' lang='lat' dir='ltr'>po-</span> 
     </span>
    </p>

    <p class='ocr_par' dir='ltr' id='par_1_8' title="bbox 230 2706 529 2751">
     <span class='ocr_line' id='line_1_34' title="bbox 230 2706 529 2751; baseline -0.007 -11"><span class='ocrx_word' id='word_1_253' title='bbox 230 2707 242 2731; x_wconf 79' lang='lat'>¹</span> <span class='ocrx_word' id='word_1_254' title='bbox 261 2706 380 2751; x_wconf 87' lang='lat' dir='ltr'>Philip.</span> <span class='ocrx_word' id='word_1_255' title='bbox 399 2717 451 2747; x_wconf 85' lang='lat'>111,</span> <span class='ocrx_word' id='word_1_256' title='bbox 474 2707 529 2738; x_wconf 86' lang='lat'>15.</span> 
     </span>
    </p>
   </div>
   <div class='ocr_carea' id='block_1_3' title="bbox 1350 2777 1424 2825">
    <p class='ocr_par' dir='ltr' id='par_1_9' title="bbox 1350 2777 1424 2825">
     <span class='ocr_line' id='line_1_35' title="bbox 1350 2777 1424 2825; baseline 0.054 -17"><span class='ocrx_word' id='word_1_257' title='bbox 1350 2777 1424 2825; x_wconf 80' lang='lat'>27.</span> 
     </span>
    </p>
   </div>
  </div>
 </body>
</html>
