1894 3154
360 248 445 281 112
781 248 816 280 S.
859 247 1103 280 AUGUSTINI
1138 249 1341 281 EPISCOPI

355 314 519 359 LUMEN
539 310 682 358 cordis
701 311 735 357 si
751 322 812 357 est
829 312 874 358 in
897 314 1049 370 vobis„
1075 331 1225 360 verum
1253 313 1431 377 potestis
1457 312 1616 360 videre.

359 383 471 429 Sunt
504 383 657 428 Preces
687 382 843 427 Donati
871 393 913 428 et
945 384 1080 440 Acta,
1123 385 1283 447 quibus
1320 384 1439 449 quod
1472 383 1640 429 dictum
1667 391 1729 426 est

421 453 620 517 probate.

355 524 466 581 Quae
489 524 524 569 si
544 523 715 570 credere
735 542 823 570 non
839 524 969 571 vultis
985 562 995 580 ,
1022 542 1097 570 vos
1121 524 1210 571 huc
1231 524 1373 588 aliqua
1394 524 1583 588 proferte
1602 561 1611 581 ,

354 594 528 651 Quibus
553 594 587 639 si
607 604 648 639 et
672 611 750 640 nos
779 612 868 640 non
894 595 1135 650 credimus,
1166 595 1244 640 erit
1269 596 1356 640 rixa
1386 596 1474 640 sine
1496 595 1594 640 fine.

355 663 684 726 Amplectamur
703 681 802 724 ergo
822 682 976 727 pacem
1003 682 1014 709 ε
1038 664 1145 728 quid
1173 665 1227 710 ad
1249 682 1324 710 ros
1350 665 1469 728 quod
1488 674 1651 724 gestum
1671 674 1733 709 est

421 743 518 777 ante
534 735 552 777 Ξ)

356 802 562 862 Oincitis
586 802 866 850 traditionem
891 823 901 850 ε
930 805 1243 869 respondemus
1262 823 1337 851 vos
1358 805 1519 852 fecisse.

357 872 565 918 Clamatis
583 889 662 919 vos
689 873 743 919 de
769 875 979 933 Macario,
1009 886 1050 920 et
1067 893 1144 921 nos
1165 876 1218 921 de
1244 875 1621 922 Circumcellione.

356 942 474 988 Illud
496 953 690 989 nostrum
714 947 806 1004 jam
834 955 1101 992 transactum
1123 964 1133 991 :
1158 948 1289 993 vestri
1308 964 1394 993 non
1414 956 1579 992 cessant
1599 961 1733 1008 usque

421 1014 569 1061 hodie.

356 1085 528 1131 Habeat
549 1085 695 1148 paleas
716 1103 812 1132 area
829 1098 967 1133 vestra
985 1126 995 1144 ,
1023 1106 1097 1134 vos
1124 1090 1212 1135 hoc
1232 1091 1369 1135 solum
1393 1089 1522 1135 vultis
1552 1105 1664 1133 esse:

355 1156 442 1200 Vos
465 1155 580 1201 enim
600 1172 688 1201 non
707 1156 838 1201 vultis
859 1174 1037 1220 pacem3
1065 1159 1128 1203 illi
1148 1160 1369 1204 minantur
1395 1159 1448 1204 de
1466 1160 1590 1204 fuste.

357 1227 413 1271 Et
432 1226 599 1271 utinam
621 1226 908 1283 minarentur,
936 1238 977 1273 et
995 1245 1084 1273 non
1106 1229 1337 1275 tunderent
1357 1229 1565 1293 quotidie.

357 1295 448 1342 Hos
468 1295 503 1341 si
526 1295 752 1359 expullunt
770 1296 838 1342 isti
857 1334 868 1353 ‚
889 1298 1018 1344 vestri
1036 1316 1124 1344 non
1137 1299 1303 1344 habent
1319 1317 1397 1363 per
1414 1316 1520 1362 quos
1538 1315 1728 1359 regnare.

485 1431 644 1492 Repec.
676 1432 838 1474 Omnes
860 1429 937 1492 qui
955 1431 1168 1490 gaudetis,
1197 1443 1276 1478 ete.

357 1556 533 1602 MoDUM
560 1555 594 1601 si
618 1555 791 1601 excessit
817 1556 1062 1613 Macarim,
1087 1558 1386 1620 conscriptum
1416 1555 1461 1600 in
1486 1554 1733 1600 Christiana

423 1626 514 1686 lege
529 1662 540 1682 ‚

357 1696 436 1743 Vel
455 1696 591 1757 legem
611 1696 720 1756 regis
744 1696 956 1743 referebat
970 1735 980 1754 ‚
1006 1709 1054 1744 ut
1072 1708 1284 1762 pugnaret
1301 1714 1382 1761 pro
1406 1697 1572 1742 unitate
1590 1713 1600 1740 ε

358 1769 457 1812 Non
474 1767 573 1813 dico
592 1769 724 1812 istum
741 1768 850 1812 nihil
871 1785 1069 1831 peccasse
1088 1807 1098 1825 ,
1123 1769 1195 1814 sed
1216 1779 1380 1815 vestros
1403 1771 1570 1831 pejores
1595 1783 1693 1813 esse.

359 1837 467 1893 Quis
487 1837 601 1882 enim
620 1838 834 1900 praecepit
850 1838 934 1883 illis
957 1855 1035 1901 per
1054 1838 1246 1884 Africam
1275 1839 1335 1883 sic
1357 1838 1540 1882 saevire?

359 1907 458 1952 Non
484 1907 710 1963 Christus,
738 1926 826 1953 non
844 1909 1089 1972 Imperator
1116 1911 1329 1973 probatur
1355 1909 1440 1953 hoc
1462 1907 1702 1970 permisisse
1719 1944 1730 1964 ,

359 1980 507 2022 Fustes
522 2014 532 2033 ,
553 1987 596 2022 et
611 1977 727 2037 ignes
744 1978 937 2040 privatos
952 2016 963 2034 ‚
990 1990 1031 2024 et
1050 1980 1259 2024 insaniam
1285 1979 1373 2024 sine
1394 1978 1498 2037 lege.

361 2048 475 2104 Quia
501 2047 715 2110 scriptum
735 2058 820 2104 est,
845 2050 1066 2094 Beeonde
1089 2047 1350 2111 gladian
1379 2047 1514 2092 scelus
1538 2065 1626 2093 non
1643 2064 1732 2111 pu·-

423 2128 519 2163 tant
539 2117 584 2162 in
608 2117 731 2164 fuste.

359 2189 458 2234 Non
484 2198 530 2233 ut
551 2188 687 2233 homo
712 2189 938 2241 moriatur,
959 2189 1031 2234 sed
1052 2200 1100 2234 ut
1127 2200 1436 2253 conquassetur
1459 2187 1601 2243 valde,

356 2260 413 2304 Et
429 2270 574 2322 postea
594 2259 821 2315 moriatur,
841 2260 942 2305 inde
965 2263 1057 2319 jam
1082 2262 1298 2306 cruciatus
1322 2261 1542 2319 languore.

360 2329 446 2375 Sed
467 2341 608 2375 tamen
633 2330 666 2374 si
686 2330 958 2386 miserentur,
981 2331 1192 2376 occidunt
1216 2342 1257 2375 et
1276 2347 1362 2376 uno
1377 2330 1501 2375 fuste.

358 2406 504 2450 Fustes
530 2402 708 2448 lsraeles
736 2414 919 2460 vocant,
949 2403 1068 2466 quod
1092 2403 1297 2449 dixerunt
1313 2419 1413 2448 cum
1433 2402 1611 2447 honore.

412 2522 420 2544 ¹
442 2520 558 2553 Mauh.
580 2530 670 2561 xxvx,
692 2521 748 2553 52.
