1894 3154
349 271 404 300 DE
440 271 663 301 Bitprisito
699 272 873 303 CONTRA
908 272 1198 316 υοΝΑΤιεΤΑε,
1238 276 1324 307 Lm.
1370 279 1447 310 vn.
1522 268 1615 325 445

244 335 365 387 vitio,
393 336 465 381 sed
489 336 674 384 illorum.
705 359 726 378 α
752 337 980 383 Simulatio
1005 349 1066 383 est
1091 351 1232 386 autem
1257 343 1474 407 quidquid
1501 359 1615 395 extra

245 406 519 451 Catholicam
540 406 691 460 fuerit,
709 429 729 448 »
747 408 817 452 sed
838 409 881 453 in
906 419 1116 471 quantum
1139 429 1226 456 non
1244 423 1304 457 est
1323 415 1609 468 catholicum.

242 479 384 520 Potest
400 486 539 521 autem
555 476 718 540 aliquid
731 477 998 523 catholicum
1017 496 1102 524 esse
1116 492 1230 526 extra
1253 482 1546 542 catholicam,
1563 490 1617 535 si-

241 556 315 590 cut
326 546 470 608 potuit
484 563 638 592 nomen
652 547 813 593 Christi
826 566 911 593 esse
923 559 1035 594 extra
1049 553 1421 611 congregationem
1438 556 1619 616 Christi,

239 615 286 660 in
303 633 389 679 quo
409 617 584 662 nomine
602 618 792 680 pellebat
815 619 1030 665 daemonia
1049 620 1138 675 ille,
1162 623 1236 684 qui
1258 639 1357 667 cum
1379 625 1617 689 Discipulis

240 702 327 730 non
352 688 612 749 sequebatur
631 687 663 734 ¹1.
690 690 799 734 Nam
819 689 1036 735 simulatio
1054 693 1181 735 etiam
1205 691 1251 736 in
1277 693 1505 741 catholiea
1530 714 1616 744 esse

239 767 399 819 potest,
424 757 468 801 in
487 757 553 802 his
573 759 740 821 utique,
764 760 840 822 qui
866 760 1024 805 saeculo
1048 761 1209 807 verbis.
1234 772 1274 806 et
1295 780 1381 808 non
1404 764 1527 811 factis
1544 785 1615 813 re-

240 827 462 880 nuntiant„
487 845 566 873 nec
596 839 736 874 tamen
764 841 824 874 est
856 830 1074 876 catholica
1099 831 1330 879 simulatio,
1363 834 1484 881 Sicut
1517 855 1617 898 ergo

240 907 302 941 est
324 897 367 942 in
408 898 635 944 Catholica
669 899 787 962 quod
826 917 914 945 non
946 911 1008 945 est
1044 901 1341 966 catholicum;
1383 905 1443 951 sic
1473 919 1616 969 potest

240 977 355 1011 extra
390 968 668 1013 Catholicam
692 969 856 1032 aliquid
877 988 962 1015 esse
975 971 1258 1018 catholicum.

305 1037 548 1084 LXXVIII.
592 1038 818 1084 Salvianus
847 1058 868 1084 a
903 1040 1136 1085 Gazaufala
1169 1041 1298 1086 dixit:
1323 1063 1343 1084 «
1379 1044 1617 1093 Haereticos

238 1107 350 1153 nihil
368 1109 526 1155 habere
551 1121 747 1164 constat3
774 1122 814 1156 et
832 1111 927 1156 ideo
965 1113 1020 1157 acl
1047 1130 1121 1159 nos
1147 1115 1348 1174 veniunt,
1378 1129 1426 1162 ut
1449 1121 1616 1181 possint

241 1175 435 1241 accipere
456 1180 573 1242 quod
601 1197 687 1225 non
709 1181 950 1228 habebant.
973 1204 993 1223 »

303 1250 503 1297 mimi.
547 1251 909 1312 Respondemus:
935 1253 1032 1297 Non
1063 1264 1162 1298 sunt
1180 1271 1279 1314 ergo
1305 1255 1498 1304 haeretici
1533 1261 1618 1324 ipsi

239 1317 312 1381 qui
335 1319 515 1365 haereses
540 1320 846 1373 condiderunt,
879 1322 954 1383 qui
976 1322 1032 1366 ab
1054 1323 1242 1368 Ecclesia
1261 1339 1548 1384 recesserunt,
1573 1341 1616 1376 et

237 1389 386 1451 utique
414 1389 637 1435 habebant
661 1390 779 1452 quod
808 1391 869 1435 ibi
896 1402 1170 1453 acceperunt.
1220 1394 1350 1449 Quod
1389 1396 1420 1440 si
1458 1398 1616 1445 absur-

237 1457 341 1503 dum
363 1470 425 1504 est
437 1459 596 1514 dicere,
616 1471 663 1505 ut
699 1460 761 1504 illi
792 1478 877 1504 non
900 1461 984 1505 sint
1006 1460 1218 1517 haeretici‚
1246 1481 1324 1525 per
1343 1481 1451 1527 quos
1471 1473 1616 1517 caeteri

238 1529 351 1574 fiunt
394 1529 617 1584 haeretici,
658 1541 802 1592 potest
831 1530 925 1575 fieri
970 1542 1017 1575 ut
1041 1531 1274 1578 haereticus
1316 1534 1494 1595 habeat,
1526 1557 1615 1604 quo

238 1599 350 1644 male
375 1599 534 1644 utendo
561 1599 790 1662 dispereat.

303 1671 480 1717 LXXX.
507 1671 754 1715 Honoratus
779 1688 801 1714 a
817 1670 963 1715 Tucca
989 1670 1095 1716 dixit
1118 1689 1127 1716 :
1155 1692 1174 1712 «
1195 1672 1307 1717 Cum
1329 1674 1528 1723 Christus
1547 1696 1617 1726 ve-

236 1741 339 1786 ritas
359 1741 429 1797 sit,
460 1740 592 1799 magis
620 1740 838 1784 veritatem
865 1756 997 1802 quam
1023 1741 1380 1788 consuetudinem
1408 1748 1525 1809 sequi
1545 1748 1617 1794 de-

237 1811 417 1863 bemus,
458 1823 505 1856 ut
546 1811 792 1865 hareflcos,
816 1811 892 1872 qui
932 1810 1029 1855 ideo
1062 1810 1114 1856 ad
1151 1829 1227 1857 nos
1269 1814 1471 1872 veniunt,
1515 1820 1616 1882 quia

237 1882 339 1927 foris
366 1881 478 1926 nihil
506 1881 702 1944 accipere
725 1890 985 1943 potuerunt,
1016 1880 1218 1927 Ecclesiae
1241 1883 1461 1947 baptismo
1487 1905 1615 1935 sanc-

237 1953 465 1998 tisiccmus.
499 1974 517 1994 n

301 2023 502 2068 LXXXI.
536 2022 590 2065 Et
613 2020 691 2066 iste
725 2031 946 2066 attestator
968 2031 1029 2066 est
1053 2022 1404 2079 consuetudinis,
1435 2028 1513 2073 ubi
1537 2047 1614 2075 nos

236 2092 474 2155 plurimum
495 2090 691 2149 adjuvat,
725 2090 941 2152 quidquid
965 2090 1082 2135 aliud
1104 2102 1251 2137 contra
1274 2111 1351 2139 nos
1380 2096 1521 2143 dicere
1544 2100 1614 2144 vi-

237 2162 405 2207 deatur.
443 2162 537 2205 Non
579 2171 720 2204 autem
755 2160 851 2204 idco
878 2159 930 2204 ad
964 2176 1040 2204 nos
1063 2162 1240 2206 veniunt
1267 2162 1480 2221 haeretici,
1513 2170 1615 2231 quia

236 2232 337 2278 foris
358 2231 469 2276 nihil
495 2240 757 2292 acceperunt
786 2247 795 2273 ε
825 2229 895 2274 sed
919 2241 964 2274 ut
990 2230 1048 2274 eis
1069 2229 1173 2275 utile
1192 2248 1277 2277 esse
1299 2233 1480 2299 incipiat
1495 2240 1614 2302 quod

238 2311 497 2364 acceperunt
525 2318 535 2345 ι
562 2300 648 2344 hoc
671 2300 783 2344 enim
809 2300 910 2344 foris
931 2299 1051 2344 nullo
1073 2300 1201 2346 modo
1229 2313 1380 2365 potest.

304 2371 528 2416 Lxxxtl.
559 2370 710 2414 Victor
736 2370 791 2414 ab
819 2370 987 2414 Octavo
1008 2369 1142 2415 dixit:
1169 2393 1188 2411 a
1216 2374 1345 2428 Quod
1368 2387 1408 2422 ct
1428 2377 1510 2440 ipsi
1526 2380 1613 2425 sci-

236 2443 307 2495 tis,
331 2458 417 2486 non
446 2440 546 2484 olim
570 2456 664 2483 sum
689 2439 951 2484 constitutus
965 2440 1213 2503 episcopus,
1242 2453 1282 2488 et
1299 2444 1396 2491 ideo
1417 2461 1613 2511 expecta-

236 2512 337 2558 bam
366 2526 677 2574 praecessorum
715 2510 961 2557 consilium.
1009 2511 1105 2557 Hoc
1140 2512 1285 2576 itaque
1319 2517 1536 2577 existimo,
1565 2532 1613 2568 ut

285 2594 296 2617 ¹
315 2597 416 2627 Marc.
436 2603 482 2630 xx,
502 2594 557 2631 37.
