1894 3154
328 207 389 237 DE
428 207 648 239 BAPTlsMo
686 206 860 237 CONTRA
895 207 1186 251 DONATisTAs,
1226 211 1314 241 ΜΒ.
1358 214 1418 244 vr.
1504 199 1597 263 389

214 263 302 317 lam
328 289 459 337 quam
476 275 694 320 anaiono
709 272 882 335 scripsit
897 292 908 326 ;
926 272 997 317 sed
1013 274 1141 318 etiam
1162 275 1216 320 ad
1234 276 1372 331 illam,
1394 297 1524 342 quam
1545 281 1600 327 ad

215 342 437 398 Quintum
456 344 576 389 dedit
594 364 604 397 3
626 355 666 389 et
680 343 732 388 ad
755 342 891 397 illam,
913 359 1043 404 quain
1063 360 1161 388 cum
1177 347 1442 407 quibusdam
1461 351 1597 396 colle-

213 411 276 470 gis
301 412 353 457 acl
369 414 578 476 quosdam
597 414 802 472 collegas;
823 421 863 456 et
879 411 931 456 ad
946 411 1081 468 illam,
1100 430 1230 475 quam
1248 416 1300 460 ad
1321 419 1592 481 Pompeium,

215 492 432 543 quantum
453 484 695 546 potuimus,
716 499 796 545 pro
821 481 1095 527 universitate
1109 484 1340 531 catholicae
1355 490 1595 534 consensio-

219 550 285 595 nis
321 562 449 616 atque
491 553 689 608 concilii,
727 556 772 597 in
810 556 932 611 cujus
976 553 1138 598 unitate
1172 554 1242 599 isti
1282 565 1487 619 tanquam
1523 559 1597 621 pia

221 622 415 668 membra
447 634 726 679 manserunt,
766 622 889 667 libris
927 624 1224 685 superioribus
1259 625 1592 688 disputavimus.

219 691 606 755 Quapropterjam
624 704 926 757 opportunum
953 693 1141 749 videtur,
1165 695 1272 756 quid
1294 697 1421 741 etiam
1438 699 1584 743 caeteri

218 760 465 820 singillatim
486 765 730 809 censuerint
743 762 1013 809 considerare
1025 780 1071 808 ea
1088 763 1306 820 libertate,
1322 783 1452 828 quam
1474 769 1601 812 nobis

219 832 348 876 etiam
363 832 452 895 ipse
472 851 558 879 non
578 834 823 893 abrogavit,
853 832 1000 877 dicens
1020 851 1030 877 ι
1055 855 1075 874 (ι
1094 835 1600 895 Neminemjudicantes,

219 912 292 947 aut
311 906 438 962 ajure
460 905 777 949 communionis
794 904 980 967 aliquem
1000 904 1034 948 si
1053 903 1267 949 diversum
1290 908 1463 951 senserit
1478 925 1602 952 amo-

218 983 378 1019 ventes,
410 995 429 1014 »
443 974 574 1030 Quod
595 992 691 1020 eum
704 992 791 1020 non
815 984 1043 1037 propterea
1058 974 1227 1031 dixisse,
1255 986 1303 1020 ut
1323 977 1603 1036 cogitationes

220 1043 370 1088 tacitas
388 1045 650 1105 collegarum
660 1083 670 1101 ,
692 1056 900 1109 tanquam
910 1045 962 1089 de
975 1045 1123 1090 abdito
1136 1057 1276 1091 erutas
1289 1047 1361 1092 tali
1374 1051 1602 1094 securitate

217 1124 432 1176 captaret,
454 1115 525 1160 sed
547 1116 667 1179 quod
683 1133 826 1161 revera
843 1132 991 1178 pacem
1008 1116 1305 1179 unitatemque
1320 1117 1534 1178 diligeret,
1557 1138 1607 1165 ex

218 1182 312 1228 aliis
334 1184 545 1230 similibus
560 1185 705 1231 videre
721 1186 976 1231 facillimum
999 1196 1077 1241 est,
1095 1187 1170 1231 ubi
1190 1187 1244 1231 ad
1259 1187 1448 1247 singulos
1467 1190 1605 1252 scrip-

217 1253 288 1306 sit,
306 1253 419 1298 sicut
438 1255 490 1299 ad
509 1256 653 1317 ipsum
672 1256 956 1301 Jubaianum.
980 1277 999 1297 r<
1016 1258 1139 1311 Herc,
1165 1257 1325 1320 inquit,
1350 1259 1600 1304 brevissime

218 1341 300 1386 pro
323 1336 467 1369 nostra
486 1326 783 1371 mediocritate
810 1327 1123 1389 rescripsimus,
1159 1328 1291 1373 frater
1323 1329 1597 1385 charissime,

219 1394 380 1439 nemini
426 1396 758 1458 praescribentes
775 1433 785 1450 ‚
830 1407 904 1441 aut
940 1397 1279 1459 praejudicantes
1315 1436 1326 1454 ,
1365 1401 1600 1462 quominus

221 1466 518 1529 unusquisque
540 1466 849 1529 episcoporum
873 1467 992 1529 quod
1019 1478 1146 1529 putat
1170 1469 1317 1524 iaciat,
1339 1470 1507 1515 habens
1528 1488 1600 1516 ar—

219 1535 341 1580 bitrii
365 1535 430 1580 sui
459 1535 639 1581 liberam
667 1547 937 1600 potestatem.
971 1560 989 1579 υ
1012 1539 1068 1582 Et
1094 1555 1145 1583 ne
1169 1539 1418 1602 quisquam,
1462 1541 1496 1585 si
1516 1541 1602 1586 hac

221 1605 368 1650 eadem
393 1605 527 1650 libera
549 1617 759 1669 potestate
779 1607 943 1652 diversa
963 1608 1161 1663 sentiret,
1181 1608 1408 1670 pellendus
1434 1628 1455 1655 a
1476 1622 1603 1655 crete-

221 1692 366 1720 rorum
386 1677 602 1721 consortio
620 1677 855 1731 videretur,
874 1678 1068 1741 sequitur
1086 1689 1126 1723 et
1141 1679 1270 1724 dicit:
1295 1701 1313 1720 α
1338 1681 1442 1735 Nos,
1468 1698 1603 1743 quan-

223 1757 315 1792 tum
340 1748 383 1792 in
410 1748 535 1792 nobis
562 1758 640 1803 est,
672 1759 854 1811 propter
878 1749 1107 1795 lia-“reticos
1125 1767 1226 1795 cum
1265 1751 1439 1811 collegis
1461 1763 1504 1796 et
1528 1770 1602 1797 co-

222 1817 435 1881 episcopis
462 1819 618 1863 nostris
636 1836 723 1864 non
748 1820 1075 1875 contendimus,
1103 1838 1201 1866 cuni
1229 1821 1388 1883 quibus
1408 1822 1602 1868 divinam

224 1888 505 1933 concordiam
531 1898 571 1932 et
596 1889 860 1935 dominicam
896 1908 1049 1953 pacem
1084 1901 1290 1937 tenemus.
1333 1914 1351 1933 >›
1380 1894 1435 1936 Et
1468 1893 1602 1955 paulo

222 1968 322 2021 post
349 1976 358 2002 :
385 1980 404 1999 α
425 1959 650 2015 Servatur,
672 1959 831 2022 inquit,
855 1961 1020 2006 anobis
1040 1962 1252 2024 patienter
1266 1972 1305 2006 et
1325 1962 1476 2007 leniter
1494 1964 1604 2008 clia-

223 2027 327 2073 ritas
346 2028 494 2084 animi,
518 2028 686 2087 collegii
703 2029 863 2082 honor,
886 2031 1110 2076 vinculum
1132 2031 1251 2086 fidei,
1279 2034 1512 2078 concordia
1531 2051 1604 2078 sa-

226 2098 421 2144 cerdotii.
449 2120 469 2139 ))
490 2099 561 2144 Sic
582 2109 622 2144 et
643 2099 687 2143 in
704 2099 899 2162 Epistola
919 2117 1049 2162 quam
1070 2101 1241 2163 scripsit
1264 2102 1317 2147 ad
1343 2104 1548 2161 Magnum
1568 2104 1603 2159 l,

227 2184 327 2212 cum
354 2167 406 2212 de
433 2168 654 2230 baptismo
680 2169 915 2214 tinctorum
950 2180 990 2214 et
1014 2170 1286 2232 perfusorum
1314 2184 1603 2234 quaereretur,

229 2248 377 2283 utrum
405 2238 566 2301 aliquid
587 2239 804 2284 interesset
823 2257 832 2284 :
858 2261 876 2280 c<
901 2240 998 2295 Qua
1020 2240 1064 2285 in
1085 2251 1208 2303 parte
1223 2279 1234 2297 ,
1259 2242 1420 2305 inquit,
1443 2245 1606 2290 nemini

227 2309 490 2355 verecundia
521 2320 561 2354 et
597 2310 805 2356 modestia
841 2322 988 2356 nostra
1026 2312 1290 2374 praejudicat
1311 2350 1321 2369 ‚
1368 2316 1604 2378 quominus

230 2381 526 2444 unusquisque
546 2381 664 2444 quod
684 2383 902 2445 putaverit
923 2383 1095 2438 sentiat,
1124 2394 1166 2428 et
1189 2385 1308 2447 quod
1335 2387 1511 2432 senserit
1537 2388 1606 2433 fa-

231 2449 333 2495 ciat.
370 2470 389 2490 ³>
410 2450 585 2507 Quibus
603 2453 970 2511 ejussermonilms
984 2453 1084 2499 satis
1103 2466 1301 2517 apparet,
1326 2456 1398 2500 illo
1419 2467 1612 2521 tempore

281 2534 289 2555 ¹
311 2534 408 2576 Epist.
427 2536 481 2574 ⁶9·
