1894 3154
341 306 433 352 388
760 327 793 354 s.
838 326 1081 359 Arssesrim
1116 328 1320 361 EPISCOPI

340 397 532 432 terorum
552 387 679 433 etiam
694 389 809 435 illius
828 392 997 438 concilii
1016 395 1322 458 episcoporum
1341 394 1528 455 singulas
1549 406 1715 443 161136--

341 469 431 505 tare
454 460 708 506 sententias:
735 461 808 507 sed
832 464 1037 525 quoniam
1059 465 1188 511 corde
1214 466 1422 513 tardiores
1445 485 1533 513 non
1557 478 1716 532 putant

341 548 428 577 esse
452 548 723 593 responsum,
747 534 780 578 si
804 534 934 579 alicui
962 535 1058 580 loco
1080 541 1288 601 cujusque
1312 540 1517 585 sermonis
1543 557 1629 585 11011
1651 540 1717 586 ibi

347 603 421 648 sed
439 602 543 646 alibi
561 603 891 665 respondeatur,
925 606 1044 668 quod
1062 605 1167 653 illuc
1193 609 1320 653 etiam
1336 610 1712 671 possitadhiberi3

343 676 498 726 melius
510 673 698 718 multum
715 674 895 732 legendo
915 686 1157 723 atteruntur
1170 689 1218 723 ut
1235 689 1465 737 acuantur,
1490 696 1621 744 quam
1640 697 1717 744 pa-

340 768 439 798 rum
462 746 741 806 intelligendo
760 759 1090 809 conqueruntur
1113 760 1161 794 ut
1187 749 1517 809 redarguantur.

405 822 483 867 lx.
510 819 709 864 Primum
724 835 823 877 ergo
844 817 978 880 ipsius
992 820 1204 883 Cypriani
1225 821 1607 876 consultationem,
1631 838 1718 885 qua

341 893 560 939 indicatur
601 890 742 935 anima
766 890 949 951 pacifica
973 900 1014 934 et
1052 890 1270 936 exundans
1298 891 1431 936 ubere
1467 891 1712 948 charitatis,

340 963 456 1009 unde
473 960 704 1008 concilium
721 959 864 1022 ipsum
880 959 1035 1023 incip-it
1052 961 1209 1007 iterum
1227 961 1585 1006 considerandam
1600 978 1717 1006 com-

340 1049 644 1079 memoremus.
688 1052 708 1070 «
729 1029 918 1075 Audistis
933 1067 944 1085 ,
985 1031 1156 1093 inquit,
1202 1032 1378 1091 collegae
1421 1031 1713 1088 dilectissimi,

338 1104 445 1168 quid
467 1103 575 1148 mihi
598 1101 837 1146 jubaianus
857 1102 1146 1165 coepiscopus
1172 1113 1314 1147 noster
1341 1101 1575 1164 scripserit,
1606 1118 1716 1146 con-

341 1175 483 1220 sulens
505 1172 850 1219 mediocritatem
886 1182 1005 1216 110511
1009 1189 1077 1216 1111
1103 1171 1155 1216 (16
1181 1171 1335 1216 11116110
1356 1182 1397 1216 61
1419 1171 1604 1233 profano
1618 1171 1718 1216 1166-

339 1245 575 1290 161160111111
593 1242 831 1305 baptismo,
850 1252 890 1286 et
915 1241 1024 1304 quid
1042 1259 1118 1301 ego
1149 1242 1186 1286 ei
1210 1241 1522 1304 mscripsessm,
1545 1258 1718 1287 censens

339 1316 502 1361 56111661
527 1314 646 1378 quod
667 1313 794 1358 semel
815 1324 945 1374 atque
973 1313 1127 1357 iterum
1146 1323 1186 1357 et
1207 1330 1239 1358 sz
1227 1330 1320 1375 epe
1333 1312 1596 1367 censuimus,
1620 1311 1719 1356 hae-

338 1386 493 1431 reticos
515 1385 567 1430 ad
589 1383 827 1430 Ecclesiam
842 1383 1074 1438 venientes,
1094 1382 1298 1429 Ecclesiae
1321 1382 1541 1445 baptismo
1565 1381 1712 1444 bapti-

340 1457 426 1501 zari
444 1466 485 1500 et
504 1454 765 1501 sanctificari
779 1464 989 1515 oportere.
1016 1455 1123 1497 Item
1148 1452 1272 1498 lectae
1293 1462 1393 1497 sunt
1413 1452 1537 1498 vobis
1567 1462 1607 1496 et
1625 1451 1719 1496 aliae

339 1531 361 1571 J
367 1526 539 1571 ubaiani
579 1525 751 1579 litterae,
775 1524 935 1586 quibus
960 1540 1041 1585 pro
1064 1540 1139 1568 sua
1164 1523 1327 1568 sincera
1344 1533 1385 1567 et
1412 1522 1606 1581 religiosa
1639 1521 1719 1567 de-

340 1596 514 1641 votione
553 1594 605 1641 ad
644 1594 882 1657 Epistolam
918 1604 1107 1639 nostram
1146 1594 1408 1648 rescribens,
1439 1603 1718 1640 nontantum

342 1666 575 1714 consensit.
607 1665 677 1710 sed
700 1676 741 1710 et
766 1665 1026 1709 instructum
1055 1681 1095 1708 56
1112 1681 1196 1708 6556
1215 1665 1371 1723 gratias
1390 1662 1488 1721 egit.
1514 1662 1720 1725 Superest

342 1746 392 1780 ut
407 1736 459 1780 de
481 1736 565 1781 hac
588 1736 679 1798 ipsa
700 1753 744 1780 re
769 1735 924 1794 singuli
945 1734 1052 1797 quid
1069 1734 1300 1779 sentiamus
1323 1732 1594 1796 proferamus
1618 1749 1627 1777 :
1648 1749 1718 1777 ne-

339 1806 500 1850 minem
521 1805 765 1865 judicantes
785 1842 795 1861 ,
828 1815 901 1850 aut
929 1823 949 1850 a
978 1808 1077 1864 jure
1115 1802 1436 1849 communionis
1472 1801 1659 1865 aliquem
1686 1801 1720 1846 si

343 1876 561 1920 diversum
579 1876 753 1921 senserit
779 1887 1036 1921 amoventes.
1068 1876 1219 1938 Neque
1241 1875 1352 1920 enim
1373 1873 1604 1938 quisquam
1624 1889 1720 1918 nos-

339 1955 454 1991 trum
472 1947 740 2008 Episcopum
755 1962 794 1989 se
812 1945 1119 2007 episcoporum
1139 1946 1381 2001 constituit,
1402 1954 1476 1989 aut
1490 1942 1719 2006 tyrannico

342 2025 505 2060 terrore
529 2015 582 2059 ad
607 2014 873 2078 obsequendi
898 2014 1186 2059 necessitatem
1208 2014 1390 2073 collegas
1429 2030 1525 2058 suos
1564 2012 1716 2071 adigit,

344 2085 522 2149 quando
544 2085 707 2130 habeat
741 2086 879 2130 omnis
897 2085 1126 2147 episcopus
1145 2102 1225 2147 pro
1248 2084 1424 2130 licentia
1443 2083 1656 2128 libertatis
1677 2093 1719 2128 et

341 2157 567 2206 votestatis
597 2173 684 2201 suae
710 2156 941 2201 arbitrium
968 2156 1196 2219 proprium
1216 2193 1226 2211 ,
1257 2166 1430 2218 tamque
1449 2153 1640 2214 ι1111116311
1664 2154 1719 2199 ab

345 2226 429 2270 alio
454 2243 539 2270 non
566 2227 718 2288 possit,
757 2243 888 2289 quam
912 2242 990 2270 nec
1010 2225 1099 2287 ipse
1120 2236 1262 2287 potest
1281 2223 1676 2283 alterumjudicare
1705 2241 1715 2268 ε

342 2295 416 2340 aed
461 2307 731 2358 expectemus
777 2296 963 2341 universi
993 2294 1210 2355 judicium
1243 2296 1419 2341 Domini
1459 2294 1594 2340 nostri
1619 2298 1719 2339 Jesu

346 2365 527 2419 Christi,
556 2366 630 2428 qui
653 2383 764 2410 unus
805 2377 845 2411 et
882 2365 994 2410 solus
1016 2365 1151 2409 habet
1187 2376 1440 2427 potestatem
1466 2375 1507 2410 61
1529 2380 1713 2427 proepo-

340 2435 472 2480 nendi
493 2452 567 2479 nos
593 2436 638 2480 in
663 2435 867 2481 Ecclesiae
890 2453 979 2481 suae
997 2435 1324 2495 gubernatione,
1353 2447 1394 2482 et
1412 2435 1464 2481 de
1489 2445 1591 2481 actu
1613 2451 1718 2480 nos-

342 2517 409 2549 tro
429 2504 707 2563 judicandi&
732 2526 751 2546 >1

402 2574 458 2619 X.
484 2574 505 2617 J
514 2591 580 2620 am
599 2575 717 2630 satis,
739 2586 952 2638 quantum
970 2575 1175 2632 arbitror,
1196 2591 1284 2621 non
1303 2575 1441 2622 solum
1457 2576 1511 2622 ad
1532 2575 1711 2639 Episto-

390 2657 401 2679 ¹
424 2656 528 2688 Verba
542 2657 695 2700 Cypriani
713 2657 747 2695 111
760 2659 895 2691 concino
915 2657 1061 2701 Carthag-

1883 1043 1887 1110 ³

1880 1116 1885 1193 1
