1894 3154
325 210 417 267 432
736 226 772 256 s,
814 222 1058 255 AUGUSTINI
1094 224 1296 255 EPISCOPI

321 291 630 338 haereticorum
666 291 872 355 probare,
899 291 971 337 sed
999 291 1181 345 Christi,
1220 287 1417 354 quamvis
1443 287 1487 333 in
1508 287 1700 334 haerticis

321 361 439 408 velut
456 362 588 425 paleis
611 362 907 418 exterioribus,
933 363 1043 408 sicut
1061 363 1106 407 in
1128 361 1219 406 aliis
1248 360 1407 424 iniquis
1426 358 1544 404 velut
1566 358 1700 422 paleis

320 431 613 479 interioribus.
661 433 771 477 Nam
795 434 828 477 si
869 444 985 477 extra
1019 432 1256 477 Ecclesiam
1296 431 1371 493 qui
1397 429 1695 492 baptizantur,

320 519 409 547 non
425 503 642 558 lavantur,
665 503 737 548 sed
757 502 1035 547 sordidantur
1055 522 1066 554 3
1092 501 1287 564 profecto
1312 510 1425 545 extra
1443 510 1630 562 petram,
1655 499 1700 543 in

320 588 405 634 qua
424 572 666 617 aedificatur
684 571 897 626 Ecclesia,
918 571 996 633 qui
1021 571 1319 633 baptizantur,
1359 585 1445 613 non
1478 568 1695 623 lavantur,

320 641 393 685 sed
411 641 702 687 sordidantur.
726 642 887 686 Omnes
902 651 1043 685 autem
1059 650 1172 684 extra
1189 639 1382 684 eamdem
1395 648 1563 700 petram
1578 648 1695 693 sunt,

319 711 395 772 qui
414 710 596 756 audiunt
614 711 745 755 verba
762 710 928 754 Christi
945 722 986 755 et
1006 727 1091 754 non
1115 709 1298 754 faciunt.
1326 711 1412 752 Aut
1428 708 1460 752 si
1480 707 1698 769 baptismo

320 778 521 824 lavantur
539 779 732 842 quidem,
757 779 828 823 sed
859 778 1165 841 iniquitatibus
1189 778 1290 832 suis,
1317 795 1337 822 a
1357 777 1520 839 quibus
1542 777 1586 821 in
1605 794 1696 822 me-

319 847 404 894 lius
424 851 579 895 mutari
605 850 855 901 noluerunt,
883 849 1047 894 sordidi
1071 858 1291 894 remanent
1312 865 1322 892 :
1348 848 1407 892 sic
1422 857 1462 892 et
1482 846 1692 894 haeretici.

383 919 487 965 Xll.
520 920 738 965 Lucianus
758 938 781 965 a
818 920 1022 964 Rucuma
1046 918 1153 963 dixit
1183 935 1193 963 :
1219 918 1442 980 Scriptum
1467 927 1556 962 est:
1595 937 1615 957 c<
1644 918 1700 962 Et

320 1008 342 1030 2>
360 989 470 1034 vidit
492 991 606 1035 Deus
629 990 772 1035 lucem
793 989 896 1052 quia
920 989 1036 1034 bona
1061 999 1146 1043 est,
1184 999 1226 1032 et
1251 987 1397 1033 divisit
1422 988 1533 1031 inter
1555 986 1697 1031 lucem

320 1078 341 1098 >³
361 1069 401 1102 et
421 1060 617 1104 tenebras
634 1059 668 1105 4.
703 1060 755 1103 »S
778 1059 791 1104 i
809 1069 950 1121 potest
966 1058 1055 1103 luci
1077 1069 1119 1103 et
1146 1057 1331 1103 tenebris
1349 1057 1596 1110 convenire,
1615 1073 1695 1119 po-

319 1137 400 1172 test
428 1129 554 1173 nobis
584 1139 625 1173 et
653 1128 870 1173 haeretieis
905 1127 1070 1190 aliquid
1093 1137 1154 1172 est
1189 1143 1433 1173 commune.
1463 1127 1698 1189 Propterea

320 1215 470 1243 censeo
489 1199 717 1244 haereticos
739 1197 1029 1260 baptizandos
1053 1215 1152 1244 esse.

384 1270 509 1313 Xlll.
533 1270 648 1314 Huic
671 1268 984 1331 respondetur:
1007 1269 1052 1313 Si
1069 1267 1313 1331 potestluci
1333 1277 1374 1312 et
1391 1266 1577 1311 tenebris
1595 1282 1697 1311 cou-

318 1338 479 1393 venire,
496 1339 774 1400 potestjustis
788 1348 829 1382 et
846 1338 1016 1397 injustis
1031 1337 1195 1400 aliquid
1209 1354 1295 1382 esse
1320 1354 1563 1383 commune.
1586 1336 1696 1381 Cen-

319 1419 408 1453 seat
431 1426 530 1467 ergo
550 1409 646 1454 illos
669 1409 852 1468 injustos
876 1408 1018 1453 denuo
1043 1408 1277 1471 baptizari,
1302 1424 1410 1470 quos
1434 1408 1478 1452 in
1495 1407 1589 1469 ipsa
1608 1407 1696 1450 Ec-

319 1477 445 1523 clesia
474 1479 721 1541 Cyprianus
763 1478 1001 1538 arguebat:
1031 1489 1107 1523 aut
1134 1478 1168 1523 si
1196 1494 1284 1522 non
1317 1488 1418 1522 sunt
1447 1476 1594 1535 injusti
1620 1476 1697 1539 qui

319 1543 479 1592 saeculo
506 1549 648 1593 verbis
671 1558 713 1592 et
736 1565 824 1592 non
848 1548 972 1593 factis
990 1548 1258 1603 renuntiant,
1291 1546 1410 1592 dicat
1435 1547 1511 1609 qui
1535 1557 1688 1609 potest.

382 1617 500 1663 MV.
526 1617 780 1676 Pelagianus
801 1635 823 1662 a
844 1618 1133 1682 Luperciania
1159 1617 1265 1662 dixit
1289 1635 1300 1662 :
1324 1639 1344 1658 «
1364 1613 1588 1679 Scriptum
1612 1629 1691 1672 est,

317 1698 391 1732 aut
416 1688 625 1733 Dominus
652 1689 764 1732 Deus
782 1698 844 1733 est
861 1689 899 1744 2,
936 1700 1010 1734 aut
1041 1689 1147 1734 Baal
1172 1689 1286 1734 Deus
1323 1699 1397 1734 est.
1433 1688 1498 1732 lta
1521 1697 1563 1733 et
1579 1704 1695 1733 nune

317 1768 392 1803 aut
420 1757 606 1804 Ecclesia
628 1758 819 1803 Ecclesia
838 1770 918 1814 est,
950 1770 1024 1805 aut
1041 1759 1216 1804 haeresis
1238 1758 1430 1804 Ecclesia
1457 1768 1532 1804 est.
1557 1758 1694 1802 Porro

315 1827 351 1872 si
371 1828 544 1873 haeresis
559 1827 751 1873 Ecclesia
774 1846 862 1874 non
883 1840 961 1885 est,
983 1829 1204 1893 quomodo
1225 1846 1311 1874 esse
1328 1827 1448 1891 apud
1466 1828 1694 1873 haereticos

313 1896 533 1959 baptisma
561 1897 764 1942 Ecclesiae
782 1902 953 1960 potest?

379 1967 474 2013 XV.
504 1967 689 2011 Huicita
710 1984 938 2029 possumus
961 1968 1249 2031 respondere:
1272 1970 1358 2014 Aut
1373 1967 1604 2032 paradisus
1618 1986 1693 2031 pa-

310 2035 495 2092 radisus,
524 2047 597 2081 aut
612 2038 820 2099 ‚Egyptus
843 2038 1248 2101 paradisuszporro
1271 2039 1305 2083 si
1326 2040 1536 2101 *Egyptus
1562 2055 1692 2100 para-

311 2104 428 2151 disus
450 2122 537 2151 non
559 2116 638 2160 est,
661 2107 882 2168 quomodo
897 2125 983 2153 esse
999 2108 1043 2153 in
1063 2110 1247 2171 AEgypto
1267 2125 1378 2171 aqua
1397 2108 1587 2171 paradisi
1603 2125 1690 2171 po—

310 2180 420 2221 test?
440 2176 524 2222 Sed
539 2176 708 2221 dicetur
730 2177 873 2234 nobis,
894 2179 1035 2223 Etiam
1049 2178 1155 2223 illuc
1170 2178 1363 2224 exeundo
1381 2178 1593 2242 pervenit.
1615 2177 1690 2222 Sic

311 2263 411 2305 ergo
443 2246 498 2291 ad
520 2247 746 2292 haereticos
765 2248 1024 2311 baptismus.
1067 2250 1178 2293 Item
1214 2248 1400 2294 dicimus
1423 2265 1434 2292 ε
1459 2250 1546 2294 Aut
1573 2258 1691 2310 petra

312 2316 504 2362 Ecclesia
518 2328 596 2373 est,
624 2327 699 2362 aut
713 2335 840 2363 arena
862 2318 1067 2364 Ecclesia.
1085 2319 1223 2363 Porro
1245 2318 1349 2380 quia
1371 2334 1459 2363 non
1482 2327 1544 2362 est
1565 2334 1691 2362 arena

313 2385 521 2443 Ecclesia,
540 2387 763 2450 quomodo
785 2387 905 2451 apud
922 2405 991 2434 eos
1008 2389 1085 2452 qui
1104 2404 1234 2452 super
1255 2404 1430 2434 arenam
1448 2386 1688 2444 aedificant,

359 2499 372 2547 ξ
392 2502 475 2534 Gen.
497 2510 526 2541 1,
549 2505 581 2537 4.
598 2497 672 2526 ——2
691 2500 708 2532 3
725 2501 808 2543 Reg.
826 2510 925 2546 xvm,
942 2511 998 2534 21.
