1894 3154
372 240 424 270 nr.
462 239 680 270 nArrisuo
718 238 890 269 CONTRA
929 239 1223 284 noxausras,
1261 242 1347 275 un.
1392 244 1420 276 ι.
1521 231 1611 277 962

241 322 327 351 non
347 315 660 364 cognoverunt,
683 304 1112 366 perseverantissimis
1126 318 1261 369 usque
1277 308 1322 352 in
1349 310 1477 355 finem
1497 328 1615 369 gres-

240 376 359 422 sibus
397 374 637 421 ambulavit
657 372 690 419 1.
728 374 803 418 Est
830 373 1007 436 quidem
1033 375 1152 437 quod
1184 376 1351 422 Christi
1392 379 1612 442 baptisma

240 446 403 508 ubique
427 455 625 490 sanctum
641 453 720 499 est,
745 453 786 488 et
801 444 997 506 quamvis
1017 444 1133 507 apud
1154 445 1380 492 haereticos
1396 448 1464 493 vel
1478 450 1613 495 schis-

237 515 435 570 maticos,
462 513 596 577 ipsius
622 523 764 558 tamen
785 512 960 558 haeresis
984 513 1052 559 vel
1075 515 1320 561 schismatis
1336 533 1423 562 non
1444 528 1534 574 est,
1571 531 1614 565 et

236 584 333 630 ideo
359 602 437 630 nec
460 584 515 629 ad
532 586 670 647 ipsam
692 583 965 629 catholicam
989 584 1090 630 inde
1107 586 1322 631 venientes
1346 598 1520 650 oportet
1539 588 1613 634 de-

234 670 323 699 nuo
337 653 552 717 baptizari
577 652 679 699 :sed
701 663 843 697 tamen
861 652 946 698 hoc
967 652 1084 699 aliud
1105 664 1184 710 est,
1208 654 1328 701 aliud
1348 673 1370 701 a
1395 658 1614 704 catholica

232 740 340 786 pace
357 723 576 770 deviantes
595 734 637 769 et
671 723 715 768 in
735 722 941 768 nefariam
968 725 1235 786 praecisiouis
1260 724 1428 772 foveam
1443 727 1607 790 praeci-

231 795 409 856 pitatos,
433 793 768 857 rebaptizandos
785 793 964 856 insuper
985 793 1198 853 judicare.
1240 796 1350 841 Nam
1372 796 1494 842 illum
1516 814 1612 843 nze-

232 879 334 908 vum
355 864 399 908 in
419 862 606 908 candore
631 873 789 908 sanctae
816 862 972 908 animae
995 863 1219 909 eharitatis
1254 865 1387 911 ubera
1402 877 1609 926 contege-

230 933 338 978 bant
360 951 370 978 :
398 933 512 978 hanc
539 943 679 978 autem
698 932 923 991 fuliginem
944 933 988 977 in
1007 934 1186 978 istorum
1208 944 1390 980 tartarea
1405 935 1607 981 foeditate

230 1002 376 1049 vultus
397 1003 640 1066 impacatus
658 1013 855 1049 ostentat.
881 1002 964 1048 Sed
981 1019 1028 1047 ea
1047 1020 1148 1066 quae
1171 1003 1393 1067 deinceps,
1412 1005 1528 1068 quod
1553 1006 1604 1051 ad

227 1072 343 1119 beati
368 1074 579 1136 Cypriani
615 1073 913 1119 auctoritatem
953 1075 1127 1129 attinet,
1156 1075 1380 1121 tractaturi
1433 1092 1602 1132 sumus,

229 1143 284 1187 ab
308 1142 392 1189 alio
408 1160 624 1190 sumemus
644 1143 831 1190 exordio.

277 1254 284 1269 ¹
309 1260 318 1278 1
339 1246 554 1283 Psai.x1=1.'3,

779 1835 1031 1856 ⁴0,-
