1894 3154
348 286 363 316 1
376 272 437 328 34
760 288 795 318 s.
839 286 1080 317 Ancusrml
1115 284 1319 315 Brlscom

340 369 406 398 res
422 352 623 408 trahunt,
640 352 685 397 in
705 351 908 397 omnibus
922 349 1104 395 metallis
1123 359 1332 412 martyres
1346 349 1577 395 aerumnosi
1594 359 1712 406 sunt,

342 424 388 468 in
411 440 558 468 omnes
573 422 732 467 insulas
751 426 960 484 martyres
981 420 1265 482 deportantur
1280 456 1290 474 ‚
1318 420 1364 464 in
1383 420 1586 465 omnibus
1613 437 1718 483 poe-

342 493 517 539 nalibus
533 493 639 538 locis
652 492 844 551 juridico
868 491 1012 551 gladio
1038 500 1246 553 martyres
1272 489 1513 545 feriuntur,
1539 491 1593 536 ad
1619 508 1719 535 om-

342 581 416 609 nes
431 562 587 608 bestias
607 572 817 624 martyres
838 561 1129 620 surriguntur,
1150 571 1223 605 aut
1235 560 1502 619 jussionibus
1514 561 1718 620 judicum

342 634 432 679 vivi
462 633 635 692 ignibus
659 643 1007 678 concremantur.
1048 632 1094 676 Si
1118 642 1284 687 autem,
1311 631 1422 676 sicut
1447 631 1553 677 dicit
1575 633 1720 695 Apos-

344 703 458 748 tolus
477 740 487 758 ,
520 723 540 742 α
560 703 657 748 Non
678 714 738 748 est
756 713 945 766 potestas
964 702 1044 747 nisi
1069 720 1090 747 a
1113 702 1201 747 Deo
1221 739 1231 751 ,
1254 711 1296 746 et
1318 702 1512 747 minister
1532 703 1612 747 Dei
1635 712 1715 758 est,

344 795 366 815 »
382 772 539 818 vindex
557 773 602 817 in
618 773 723 818 iram
745 773 783 818 ei
803 773 880 836 qui
900 772 1010 818 male
1032 772 1120 832 agit
1139 810 1149 827 ‚
1177 789 1255 817 nec
1280 772 1369 817 sine
1386 789 1513 817 causa
1527 772 1720 832 gladium

346 865 367 885 »
386 842 577 906 portatst.
606 866 625 885 >2
652 844 725 889 Vis
756 862 844 890 non
870 845 1019 888 timere
1047 845 1332 906 potestatem?
1358 843 1530 887 Bonum
1559 842 1653 898 fac,
1680 853 1722 888 et

345 913 532 959 habebis
563 913 736 959 laudem
766 932 812 959 ex
839 914 925 959 illa.
965 914 1110 958 Bonus
1140 912 1358 977 quidquid
1388 929 1534 974 passus
1564 911 1719 969 fuerit,

348 983 441 1028 laus
464 982 527 1027 illi
557 984 760 1045 provenit
782 1001 829 1028 ex
863 993 1074 1046 potestate
1100 982 1296 1027 facientis
1317 1000 1326 1027 :
1358 982 1494 1027 malus
1518 999 1618 1028 vero
1648 982 1726 1046 qui

347 1052 502 1097 merito
522 1053 689 1114 patitur
706 1053 963 1117 iniquitatis,
984 1070 1072 1097 non
1091 1052 1272 1115 deputet
1286 1052 1464 1097 saex-itiae
1480 1052 1720 1114 potestatis.

415 1122 532 1168 XIV.
566 1124 621 1166 Et
636 1132 781 1184 tamen
800 1123 907 1186 quid
927 1123 1010 1167 tale
1031 1122 1099 1167 isti
1117 1123 1370 1185 patiuntur,
1396 1122 1522 1185 quale
1539 1122 1726 1178 faciunt,

350 1193 432 1239 nisi
457 1193 560 1256 quia
583 1192 816 1238 hominum
841 1192 1079 1239 multitudo
1112 1210 1200 1237 non
1228 1194 1273 1238 in
1296 1192 1426 1238 corde
1455 1209 1531 1238 cor
1561 1193 1726 1247 habet,

355 1263 428 1310 sed
461 1264 506 1308 in
540 1263 706 1309 oculis?
742 1266 852 1309 Nam
885 1265 919 1309 si
954 1264 1125 1322 sanguis
1163 1264 1245 1308 exit
1281 1263 1334 1308 de
1369 1281 1497 1309 carne
1531 1263 1729 1319 mortali,

356 1333 550 1397 quisquis
584 1334 740 1396 aspicit
762 1334 1037 1379 exhorrescit.
1078 1334 1124 1378 Si
1160 1351 1182 1378 a
1211 1350 1318 1396 pace
1344 1333 1508 1378 Christi
1538 1333 1734 1396 praecisae

355 1404 513 1449 animae
541 1413 669 1465 atque
692 1414 901 1466 separatae
925 1404 971 1448 in
995 1403 1170 1448 haeresis
1194 1403 1261 1449 Vel
1286 1403 1530 1448 schismatis
1559 1402 1736 1449 sacrile-

355 1474 425 1534 gio
448 1473 695 1518 moriuntur
712 1511 722 1529 ,
751 1474 853 1536 quia
876 1490 964 1518 non
987 1472 1158 1518 videtur
1174 1510 1184 1528 ‚
1214 1489 1303 1517 non
1334 1472 1558 1535 plangitur
1581 1490 1591 1517 t
1619 1473 1736 1517 imo-

354 1560 456 1591 vero
477 1560 592 1587 mors
614 1544 762 1588 tetrior
788 1554 915 1606 atque
938 1543 1203 1599 luctuosior,
1228 1553 1269 1587 et
1290 1553 1338 1587 ut
1367 1542 1495 1605 plane
1527 1542 1703 1605 dixerim
1723 1579 1734 1598 ‚

355 1613 520 1669 verior,
543 1616 642 1672 jure
665 1612 991 1658 consuetudinis
1009 1612 1235 1658 deridetur
1259 1630 1269 1656 :
1298 1628 1398 1657 cum
1427 1623 1620 1658 auctores
1645 1623 1740 1658 tan-

357 1695 503 1729 tarum
519 1683 726 1728 mortium
752 1683 931 1746 publice
959 1682 1193 1738 insultant,
1224 1693 1266 1728 et
1285 1699 1364 1728 nec
1387 1684 1580 1728 veritatis
1597 1683 1742 1728 mani-

360 1753 568 1801 festandae
588 1771 716 1799 causa
742 1771 980 1799 sermonem
1003 1754 1234 1799 nobiscum
1255 1754 1448 1800 conferre
1472 1754 1708 1814 dignantur
1727 1771 1738 1798 ε

364 1834 406 1870 et
430 1823 464 1869 si
487 1823 597 1887 quid
621 1824 869 1887 temporalis
891 1824 1099 1869 molestiae
1122 1825 1237 1887 passi
1262 1824 1422 1869 fuerint
1452 1842 1530 1887 per
1553 1825 1743 1870 certissi-

365 1911 489 1940 mum
508 1905 636 1956 atque
662 1894 949 1939 rectissimum
984 1894 1178 1939 ordinem
1215 1905 1478 1957 potestatum
1498 1932 1508 1951 ‚
1536 1912 1637 1940 cum
1661 1894 1746 1957 ipsi

366 1963 548 2028 privatis
569 1962 831 2009 furiosorum
858 1964 1103 2024 agminibus
1123 1964 1262 2009 multo
1283 1965 1478 2024 graviora
1502 1965 1661 2027 passim
1685 1975 1747 2010 at-

367 2051 454 2097 que
470 2033 668 2096 quotidie
684 2071 694 2090 ‚
734 2034 854 2079 nulla
878 2035 994 2094 regia
1012 2072 1022 2090 ,
1050 2034 1170 2080 nulla
1190 2034 1477 2080 ecclesiastica
1508 2035 1599 2095 lege
1622 2052 1747 2080 com-

370 2104 568 2156 mittant3
592 2121 670 2148 nos
684 2121 919 2167 corporum
938 2116 1230 2167 persecutores
1250 2115 1426 2160 vocant,
1446 2122 1488 2150 se
1507 2106 1747 2150 animarum

369 2174 662 2220 interfectores
688 2192 777 2219 non
800 2186 957 2220 vocant
979 2213 989 2231 ,
1019 2192 1118 2220 curn
1141 2176 1314 2238 privata
1340 2175 1514 2220 licentia
1537 2192 1616 2221 nec
1649 2192 1750 2220 cor-

372 2244 556 2307 poribus
580 2255 778 2306 parcant.
813 2244 896 2289 Sed
919 2245 1021 2307 quia
1041 2262 1118 2307 per
1141 2245 1515 2289 mansuetudinem
1535 2244 1752 2290 Christia-

370 2331 470 2358 nam
484 2314 623 2359 multo
644 2315 828 2360 severius
845 2315 997 2359 oculus
1012 2315 1239 2374 judicatur
1255 2314 1424 2359 evulsus
1441 2315 1485 2359 in
1501 2314 1575 2359 lite
1587 2351 1598 2369 9
1619 2330 1750 2377 quam

374 2384 542 2429 animus
563 2396 801 2430 excaecatus
819 2386 862 2430 in
882 2386 1135 2439 schismate,
1159 2395 1200 2429 et
1219 2384 1446 2429 adversum
1468 2402 1545 2429 nos
1566 2385 1752 2448 loquun-

371 2465 471 2510 tur,
501 2465 542 2498 et
578 2455 807 2500 nobiscum
842 2456 1113 2518 loquuntur,
1148 2467 1189 2501 et
1219 2472 1316 2501 cum
1353 2472 1423 2500 eos
1459 2456 1752 2501 obmutescere

375 2523 610 2585 compellat
636 2526 817 2581 veritas,
845 2526 965 2571 silere
987 2543 1074 2571 non
1097 2526 1309 2589 permittit
1330 2525 1550 2588 iniquitas,

424 2608 433 2627 ¹
449 2607 540 2637 Rom.
558 2616 633 2645 xm,
653 2613 721 2642 1-4.
