1894 3154
23 0 50 170 ‘¹

38 188 47 547 f

357 298 532 329 CONTRA
566 297 813 328 EPISTOLAM
850 296 1150 338 PARMENIANI,
1189 297 1276 327 LIB.
1320 296 1350 325 1.
1463 277 1550 338 139

182 365 232 410 tis
248 401 258 420 ‚
294 364 456 409 nescire
489 380 530 408 se
556 363 663 425 quid
692 364 738 408 in
763 362 908 408 Africa
931 372 1095 422 gestum
1122 362 1176 406 sit
1192 398 1202 411 ‚
1228 361 1314 407 sive
1343 378 1365 405 a
1396 368 1518 422 parte
1536 393 1547 412 ‚

178 435 264 480 sive
289 443 438 478 contra
464 443 631 496 partem
658 433 848 486 Donati,
874 449 1007 495 quam
1037 432 1200 477 scilicet
1219 432 1265 475 in
1293 430 1386 492 ipsa
1406 427 1550 473 Africa

177 503 507 548 Donatistarum
535 503 763 565 episcopos
788 501 1203 546 Circumcellionum
1227 498 1294 545 vel
1314 498 1427 544 facta
1453 512 1553 541 nes—

179 575 265 620 cire
280 610 291 627 ,
314 573 381 619 vel
404 573 548 619 dicere
576 573 630 618 ad
652 591 693 618 se
715 590 803 618 non
821 573 1051 635 pertinere.

241 644 406 689 XVIII.
440 643 524 688 Sed
540 681 551 699 ,
577 654 624 690 ut
648 643 790 689 dicere
815 660 1037 706 coeperam
1057 679 1067 698 ‚
1099 641 1186 686 1106
1219 657 1308 685 non
1341 636 1555 701 quaeritur

177 714 308 759 modo
324 750 334 769 ,
378 724 524 759 utrum
564 715 788 777 patiantur
827 713 1024 773 graviora
1064 728 1197 775 quam
1232 710 1400 756 faciunt
1431 725 1441 752 ε
1483 705 1556 751 sed

178 794 325 830 utrum
359 784 560 829 adversus
596 784 825 830 haereticos
860 795 901 828 et
938 782 1236 828 schismaticos
1272 779 1356 824 tale
1392 775 1557 839 aliquid

178 855 272 899 fieri
294 853 435 899 liceat.
474 854 519 899 Si
552 854 663 898 enim
688 854 842 899 dicunt
875 870 967 898 non
985 852 1138 907 licere,
1163 868 1242 896 cur
1260 849 1345 912 ipsi
1363 847 1557 893 faciunt?

179 923 225 967 Si
249 933 391 967 autem
410 923 539 968 licere
558 922 770 979 fatentur,
794 924 920 968 etiam
941 923 1001 967 sic
1026 920 1277 974 ostendant,
1299 917 1419 980 quod
1435 914 1555 960 nullo

177 992 308 1037 modo
330 1003 540 1053 possunt,
569 993 765 1052 graviora
791 1010 832 1037 se
855 991 1025 1054 perpeti
1051 1008 1073 1035 a
1099 988 1328 1035 catholicis
1360 986 1554 1048 impera-

178 1062 375 1117 toribus,
410 1078 542 1123 quam
575 1063 658 1124 ipsi
684 1080 762 1124 per
791 1062 962 1120 judices
1000 1076 1174 1114 eorum,
1211 1058 1277 1103 vel
1309 1074 1386 1120 per
1414 1070 1556 1114 regem

178 1132 472 1176 Barbarorum
495 1133 783 1178 schismaticis
807 1133 893 1177 suis
909 1131 1104 1177 fecerunt
1120 1167 1130 1185 ‚
1159 1129 1225 1176 vel
1250 1145 1328 1191 per
1347 1125 1554 1172 insaniam

182 1202 596 1248 Circumcellionum
617 1204 737 1248 omni
761 1203 903 1262 generi
934 1201 1166 1246 hominum
1191 1199 1370 1244 faciunt.
1410 1197 1558 1257 Neque

179 1272 266 1317 1106
301 1272 548 1317 mirandum
586 1284 674 1327 est,
718 1274 750 1317 si
786 1272 885 1335 plus
926 1281 1109 1334 possunt
1145 1268 1392 1332 principes,
1425 1280 1558 1328 quam

180 1341 296 1386 missi
318 1359 340 1386 a
366 1342 646 1404 principibus
659 1342 858 1401 J'udices3
885 1342 918 1386 si
936 1341 1036 1403 plus
1061 1349 1244 1402 possunt
1268 1335 1455 1382 Romani
1472 1334 1557 1378 im—

181 1422 400 1474 peratores
419 1448 429 1467 ,
456 1429 588 1475 quam
613 1413 789 1458 barbari
808 1429 952 1472 reges;
975 1422 1016 1456 et
1040 1411 1074 1455 si
1096 1409 1248 1455 merito
1273 1406 1468 1467 graviora
1493 1403 1559 1448 le-

183 1481 308 1540 gibus
327 1482 494 1543 patitur
518 1482 652 1537 latro,
681 1499 812 1544 quam
840 1492 991 1527 contra
1022 1481 1133 1539 leges
1162 1479 1255 1541 ipse
1289 1474 1554 1521 committit:

183 1551 298 1596 unde
331 1552 483 1596 merito
515 1552 902 1597 constitutionibus
938 1551 1064 1610 justis
1101 1549 1296 1608 graviora
1329 1545 1557 1608 patiuntur

186 1620 600 1666 circumcellionum
625 1622 846 1684 mancipes
864 1658 874 1676 ‚
898 1638 1027 1683 quam
1046 1619 1213 1664 faciunt
1234 1614 1560 1662 Circumcellio-

185 1707 258 1735 nes
283 1707 293 1734 :
326 1701 368 1735 et
388 1700 530 1735 tamen
555 1702 616 1736 est
639 1702 759 1736 tanta
784 1689 1071 1735 mansuetudo
1100 1687 1449 1734 Christianorum
1466 1720 1477 1739 ‚
1511 1693 1562 1727 ut

185 1777 339 1823 poenas
366 1777 515 1805 eorum
538 1761 943 1824 incomparabiliter
960 1769 1164 1823 superent
1180 1757 1372 1802 facinora
1390 1769 1554 1799 eorum.

187 1830 273 1877 Sed
293 1847 392 1876 ecce
416 1831 734 1877 damnaverunt
749 1832 794 1876 in
815 1831 1001 1876 concilio
1028 1827 1308 1892 [Bagaitano]
1333 1842 1409 1870 suo
1429 1825 1469 1868 M
1479 1824 1561 1869 axi-

186 1900 406 1945 mianistas
431 1900 614 1945 trecenti
637 1901 788 1946 decem
813 1900 1008 1963 episcopi
1037 1897 1290 1943 Donatistae.
1318 1894 1388 1939 Illi
1418 1903 1562 1938 autem

185 1969 425 2033 pertinacia
471 1971 763 2032 perversitatis
803 1971 888 2014 suis
921 1968 1112 2014 basilicis
1144 1966 1295 2012 cedere
1332 1963 1555 2009 nolebant.

189 2038 309 2086 Aditi
343 2049 446 2083 sunt
481 2039 676 2098 judices,
714 2039 949 2085 concilium
985 2054 1134 2083 eorum
1177 2033 1564 2098 proconsularibus

190 2109 329 2154 Gestis
349 2109 581 2155 inductum
602 2122 676 2158 est.
701 2110 868 2155 Deinde
887 2113 1055 2168 jussum
1077 2118 1161 2158 est,
1191 2116 1240 2150 ut
1256 2104 1319 2149 illi
1341 2104 1418 2167 qui
1442 2112 1563 2147 tanto

188 2179 494 2242 episcoporum
516 2197 696 2226 numero
718 2181 913 2226 damnati
947 2189 1047 2224 sunt
1065 2215 1075 2233 ‚
1103 2177 1303 2223 cederent
1325 2173 1430 2218 locis
1454 2190 1464 2217 :
1488 2172 1565 2234 qui

189 2248 315 2294 facile
335 2261 575 2307 cesserunt,
597 2269 685 2297 non
709 2251 847 2296 multa
874 2250 986 2313 passi
1010 2259 1140 2300 sunt3
1169 2246 1245 2309 qui
1271 2255 1413 2290 autem
1436 2243 1563 2288 resis-

192 2329 278 2364 tere
300 2329 576 2365 tentaverunt
596 2358 606 2376 ,
630 2319 1000 2384 quemadmodum
1021 2316 1166 2362 afflicti
1185 2316 1296 2369 sint,
1323 2313 1420 2376 quis
1436 2312 1564 2372 igno-

192 2391 286 2433 rat?
311 2388 394 2432 Sed
420 2398 563 2434 tamen
590 2391 623 2435 si
656 2401 776 2441 tanta
806 2388 954 2433 fuisset
983 2386 1226 2432 immanitas
1249 2382 1533 2428 resistentium
1549 2417 1560 2436 ‚

192 2469 242 2503 ut
265 2456 318 2502 ad
334 2458 512 2516 injurias
525 2460 727 2517 judicum
744 2447 1004 2521 perveniret,
1024 2473 1166 2501 nonne
1184 2454 1323 2499 multo
1345 2451 1565 2498 acerbiora

194 2528 402 2572 Romanis
431 2528 599 2587 legibus
623 2531 909 2592 paterentur?
945 2528 1016 2572 Sic
1039 2537 1081 2571 et
1108 2537 1210 2570 tunc
1231 2540 1332 2569 cum
1356 2532 1455 2586 post
1476 2532 1566 2566 ter-

195 2597 362 2643 minum
391 2613 559 2655 causae,
583 2598 629 2645 in
653 2615 740 2662 qua
771 2615 813 2644 se
836 2597 905 2644 isti
931 2615 955 2643 a
981 2595 1211 2644 catholica
1243 2592 1563 2657 praeciderunt‚
