1894 3154
342 260 403 321 96
762 271 798 302 S.
840 269 1087 302 Aueusnm
1122 270 1326 301 EPIscom

339 339 560 399 diligimus
578 339 718 384 Deum
739 346 781 382 et
805 336 1070 399 proximum,
1098 335 1337 381 secundum
1365 334 1453 380 duo
1483 335 1558 381 illa
1591 353 1714 399 prae-

343 419 468 472 cepta
506 409 552 454 in
591 407 753 470 quibus
785 416 875 451 tota
911 406 995 450 Lex
1028 403 1191 467 pendet
1220 415 1261 449 et
1286 405 1522 467 Prophetae
1544 404 1577 452 1.
1618 405 1715 450 Hoc

342 470 586 538 significans
611 478 826 522 Dominus
852 476 996 530 Jesus,
1021 475 1089 519 bis
1114 473 1234 519 dedit
1263 474 1475 537 Spiritum
1496 485 1712 532 sanctum,

343 549 472 595 semel
494 549 539 594 in
562 558 673 593 terra
695 556 875 609 propter
899 544 1174 590 dilectionem
1192 544 1394 607 proximi,
1423 555 1465 590 et
1486 545 1640 590 iterum
1663 545 1716 590 de

343 618 455 664 coelo
472 628 653 680 propter
671 616 947 662 dilectionem
973 613 1066 659 Dei.
1099 614 1153 658 Et
1181 614 1214 659 si
1235 613 1345 658 forte
1370 614 1450 658 alia
1476 615 1586 659 ratio
1613 614 1716 659 red-

343 688 472 734 datur
485 688 538 733 de
555 687 723 749 Spiritu
744 696 892 730 sancto
907 684 974 729 bis
995 684 1114 739 dato,
1132 683 1332 729 eumdem
1346 694 1487 729 tamen
1503 684 1716 747 Spiritum

341 767 539 803 sanctum
555 756 725 809 datum,
754 771 854 799 cum
871 753 1127 798 insufflasset
1149 754 1287 807 Jesus,
1312 753 1364 798 de
1389 771 1476 816 quo
1497 771 1595 799 mox
1619 755 1678 799 ait
1702 771 1712 798 ε

344 827 467 881 «Ite,
504 825 725 888 baptizate
751 839 901 868 omnes
927 832 1071 881 gentes
1093 822 1138 866 in
1160 823 1334 867 nomine
1360 823 1501 868 Patris
1542 834 1584 868 et
1621 824 1719 869 Filii

342 917 363 937 n
388 906 428 941 et
451 895 640 958 Spiritus
675 893 811 939 sancti
831 892 868 948 2,
894 913 915 933 »
941 891 1019 936 111)1
1048 892 1230 937 maxime
1264 892 1593 938 commendatur
1619 893 1717 939 haec

341 965 546 1020 Trinitas,
574 963 791 1022 ambigere
827 978 916 1006 11011
955 960 1177 1007 debemus.
1213 962 1312 1024 Ipse
1336 972 1396 1006 est
1415 962 1547 1021 igitur
1570 962 1718 1025 quide

340 1035 453 1080 coelo
477 1035 605 1080 etiam
640 1033 766 1078 datus
788 1042 849 1077 est
878 1031 947 1077 die
975 1031 1296 1086 Pentecostesss,
1329 1031 1375 1076 id
1400 1043 1485 1088 est,
1512 1043 1612 1094 post
1628 1031 1718 1077 dies

336 1103 485 1149 decem
504 1119 636 1166 quam
654 1101 870 1146 Dominus
890 1099 1139 1145 ascenditin
1155 1099 1331 1146 coelum.
1362 1101 1596 1156 Quomodo
1616 1119 1717 1160 ergo

338 1173 455 1218 Deus
478 1189 568 1217 non
602 1182 663 1217 est
686 1171 763 1233 qui
785 1170 860 1215 dat
891 1169 1104 1231 Spiritum
1138 1174 1367 1216 sanctum?
1393 1172 1488 1216 Imo
1525 1182 1717 1234 quantus

336 1242 452 1286 Deus
473 1252 533 1286 est
542 1241 619 1304 qui
635 1240 710 1285 dat
722 1241 889 1284 Deum?
906 1238 1056 1300 Neque
1072 1238 1187 1283 enim
1210 1238 1366 1302 aliquis
1385 1240 1714 1304 Discipulorum

335 1314 425 1368 ejus
447 1309 569 1355 dedit
592 1310 807 1372 Spiritum
832 1318 1044 1354 sanetum.
1066 1309 1266 1354 Orabant
1290 1310 1456 1373 quippe
1482 1321 1531 1355 ut
1548 1311 1715 1356 veniret

336 1380 382 1424 in
398 1396 468 1425 eos
491 1380 839 1443 quibusmanum
854 1377 1157 1441 imponebant,
1176 1379 1360 1442 nonipsi
1375 1397 1474 1425 eum
1487 1380 1654 1426 dabant
1672 1380 1707 1427 4.

336 1448 478 1504 Quem
496 1465 661 1494 morem
684 1449 728 1493 in
751 1449 835 1493 suis
849 1447 1097 1510 praepositis
1115 1448 1240 1493 etiam
1258 1465 1375 1494 nunc
1413 1461 1555 1495 servat
1570 1450 1718 1495 Eccle-

331 1518 404 1564 sia.
431 1518 628 1581 Denique
639 1528 680 1563 et
695 1517 845 1563 Simon
860 1534 1009 1576 magus
1026 1518 1204 1563 offerens
1223 1518 1442 1581 Apostolis
1452 1520 1689 1582 pecuniam
1703 1557 1714 1576 ,

327 1603 417 1631 non
441 1587 523 1632 ait:
556 1588 661 1632 Date
679 1598 720 1632 et
744 1586 986 1631 mihihanc
1009 1596 1283 1648 potestatem,
1309 1598 1356 1632 ut
1380 1587 1478 1633 dem
1493 1589 1709 1652 Spiritum

332 1666 531 1701 sanetum
554 1674 564 1701 :
585 1678 605 1697 «
622 1656 707 1702 Sed
728 1656 1009 1718 cuicumque,
1046 1656 1215 1719 inquit,
1248 1657 1494 1720 imposuero
1534 1676 1710 1716 manus,

335 1746 357 1768 >›
385 1725 574 1788 accipiat
603 1725 818 1788 Spiritum
851 1735 1063 1771 sanctum.
1089 1746 1110 1766 »
1149 1725 1263 1782 Quia
1308 1744 1448 1789 neque
1488 1728 1717 1791 Scriptura

331 1795 530 1857 superius
555 1795 735 1852 dixerat,
759 1794 921 1842 Videns
941 1805 1084 1840 autem
1111 1795 1261 1841 Simon
1274 1797 1395 1860 quod
1419 1798 1617 1860 Apostoli
1633 1797 1716 1843 da-

331 1875 428 1910 rent
449 1865 663 1928 Spiritum
688 1876 913 1911 sanctum:
938 1864 1011 1910 sed
1044 1864 1207 1910 dixerat
1229 1886 1239 1919 ;
1261 1887 1281 1908 α
1302 1866 1462 1912 Videns
1487 1879 1629 1913 autem
1652 1868 1717 1913 Si·

328 1954 350 1975 »
368 1951 470 1979 mon
489 1935 609 1998 quod
619 1952 699 1998 per
722 1934 1045 1998 impositionem
1065 1952 1275 1981 manuum
1298 1938 1613 1999 Apostolorum
1634 1938 1713 1983 da-

330 2023 354 2047 »
378 2014 497 2049 retur
522 2004 711 2067 Spiritus
736 2014 911 2049 sanetus
931 2003 963 2049 ⁵.
988 2024 1008 2044 >³
1024 2005 1211 2067 Propter
1227 2005 1314 2050 hoc
1336 2016 1377 2050 et
1394 2007 1606 2052 Dominus
1624 2007 1717 2070 ipse

329 2076 448 2118 Jesus
480 2073 697 2136 Spiritum
734 2083 933 2119 sanctum
970 2089 1058 2117 non
1082 2073 1221 2119 solum
1260 2074 1381 2120 dedit
1404 2086 1454 2121 ut
1477 2078 1620 2132 Deus,
1643 2076 1716 2121 sed

329 2142 458 2187 etiam
484 2143 652 2205 accepit
677 2155 727 2188 ut
758 2142 918 2194 homo3
943 2153 1172 2204 propterea
1197 2143 1339 2189 dictus
1363 2155 1404 2190 et
1426 2145 1581 2208 plenus
1613 2162 1715 2205 gra—

324 2211 438 2256 tiaet
460 2210 631 2272 Spiritu
655 2222 803 2257 sancto
824 2211 856 2257 6.
880 2211 935 2254 Et
958 2211 1225 2258 manifestius
1244 2212 1298 2258 de
1333 2213 1409 2259 illo
1426 2215 1639 2278 scriptum
1654 2225 1715 2260 est

330 2279 376 2325 in
405 2280 589 2326 Actibus
620 2281 932 2344 Apostolorum
967 2298 977 2324 ε
1019 2301 1039 2321 α
1068 2282 1288 2337 Quoniam
1323 2283 1443 2328 unxit
1474 2301 1572 2330 eum
1598 2284 1714 2329 Deus

327 2369 349 2390 >2
370 2348 541 2412 Spiritu
564 2361 714 2395 sancto
734 2351 768 2397 ⁷.
799 2372 819 2392 ›>
844 2351 943 2396 Non
964 2349 1113 2412 utique
1154 2351 1246 2396 oleo
1272 2352 1454 2407 visibili,
1481 2353 1553 2398 sed
1599 2352 1714 2399 dono

321 2418 492 2478 gratiae,
512 2418 632 2482 quod
647 2420 813 2466 visibili
826 2420 1092 2480 significatur
1112 2433 1350 2481 unguento,
1367 2439 1454 2485 quo
1468 2423 1714 2487 baptizatos

370 2515 382 2537 ¹
400 2514 616 2554 Matth.xx11,
633 2522 686 2552 40.
705 2533 750 2540 -
766 2515 781 2538 2
800 2516 851 2550 Id.
873 2526 994 2555 xxviii,
1026 2529 1081 2559 ¹9·
1095 2536 1138 2541 —
1158 2515 1172 2541 ³
1190 2520 1262 2552 Act.
1289 2530 1328 2562 1¹,
1354 2525 1385 2555 4.
1404 2537 1447 2544 -
1465 2516 1479 2542 ⁴
1500 2519 1546 2551 [d.
1560 2528 1631 2564 vm,
1651 2529 1692 2560 ¹9

319 2584 365 2590 —
382 2564 492 2601 ⁵1bid.
511 2565 758 2604 18.-·⁶Joau.
777 2581 808 2613 1,
831 2575 889 2607 14.
911 2587 959 2595 —
977 2569 990 2592 ⁷
1007 2573 1081 2606 Act.
1097 2582 1130 2615 x,
1150 2573 1182 2605 3.
