1894 3154
541 283 595 311 1111
629 282 885 321 Τι’-1111111111,
928 283 1013 312 mn.
1058 284 1129 313 xv.
1474 287 1550 315 101

180 357 229 393 ut
245 346 501 406 intelligant,
527 345 570 391 id
592 356 671 401 est,
714 357 760 391 ut
779 357 992 410 quantum
1014 347 1152 392 videri
1172 358 1331 410 potest,
1359 349 1558 395 videatur

179 427 319 462 mente
342 416 460 479 quod
480 427 649 462 tenetur
673 416 771 463 fide.
805 417 912 472 Quis
942 417 1028 462 hoc
1058 417 1319 480 prohibeat,
1345 419 1431 464 imo
1455 437 1557 464 vero

181 486 235 533 ad
253 487 339 532 11οο
356 488 452 549 quis
468 505 556 532 11011
574 487 803 532 hortetur?
833 487 878 532 Si
902 500 1042 532 autem
1065 506 1145 551 pro
1151 499 1297 551 pterea
1314 490 1562 548 negandum

176 567 335 620 putant
353 558 432 602 ista
458 575 561 613 0550,
588 558 691 620 quia
715 575 761 603 ea
780 575 868 602 non
887 558 1033 603 valent
1062 559 1189 604 caecis
1216 561 1432 605 mentibus
1458 577 1556 605 cer—

177 644 304 680 nere3
348 626 510 671 debent
552 638 593 672 et
628 627 692 672 illi
736 628 812 691 qui
855 645 902 671 cx
935 628 1161 673 nativitate
1193 646 1268 673 sua
1305 630 1411 675 caeci
1435 641 1552 686 sunt,

177 713 262 741 esse
287 695 417 741 solem
439 713 605 756 negare.
643 698 735 742 Lux
761 714 860 756 ergo
880 696 996 742 lucet
1018 698 1064 742 in
1091 698 1279 743 tenebris
1296 698 1312 727 ¹
1347 716 1357 743 ι
1384 699 1503 761 quod
1528 705 1567 749 si

177 783 269 811 eam
293 767 482 811 tenebrae
496 784 582 811 non
601 766 998 830 comprehendunt,
1021 767 1322 813 illuminentur
1344 770 1424 813 Dei
1444 769 1561 814 dono

177 836 300 899 prius
322 846 370 880 ut
385 836 469 880 sint
492 835 654 891 fideles,
675 847 715 881 et
731 837 946 899 incipiant
963 854 1049 882 esse
1075 836 1144 882 lux
1165 838 1210 882 in
1240 840 1565 900 comparatione

178 905 423 950 infidelium
445 924 456 951 :
479 917 608 969 atque
630 907 716 952 hoc
742 907 965 969 praemisso
981 906 1265 951 fundamento
1284 907 1564 953 aedificentur

180 974 235 1020 ad
252 975 440 1022 videnda
482 993 581 1038 quae
617 976 820 1031 credunt,
861 987 910 1020 ut
929 975 1165 1039 aliquando
1200 977 1367 1039 possint
1391 978 1552 1025 videre.

179 1045 415 1090 Suntenim
431 1062 531 1108 quae
546 1046 606 1091 ita
626 1046 882 1101 creduntur,
921 1056 970 1090 ut
1005 1046 1144 1091 videri
1156 1050 1249 1105 jam
1270 1048 1456 1093 omnino
1477 1066 1567 1093 non

181 1116 360 1178 possint.
384 1117 484 1160 Non
505 1117 620 1161 enim
641 1115 841 1160 Christus
856 1115 1012 1160 iterum
1028 1115 1074 1161 in
1096 1116 1454 1162 crucevidendus
1468 1129 1529 1163 est
1551 1136 1562 1162 :

180 1185 252 1231 sed
274 1186 354 1230 nisi
376 1186 464 1231 hoc
484 1186 687 1231 credatur
706 1186 824 1249 quod
840 1187 898 1232 ita
920 1185 1086 1231 factum
1107 1197 1235 1249 atque
1254 1187 1392 1232 visum
1413 1198 1490 1244 est,
1516 1199 1567 1233 ut

178 1255 377 1301 futurum
397 1273 446 1301 ac
469 1256 702 1301 videndum
725 1260 815 1315 jam
837 1273 924 1300 non
950 1267 1147 1318 speretur
1167 1293 1178 1311 ,
1205 1273 1294 1300 11011
1312 1258 1566 1319 pervenitur

181 1324 235 1370 ad
262 1325 506 1382 Christum,
554 1326 692 1388 qualis
719 1327 808 1371 sine
847 1325 933 1370 fine
968 1325 1182 1370 videndus
1220 1336 1295 1372 est.
1341 1327 1568 1382 Quantum

180 1412 282 1441 vero
305 1395 459 1441 attinet
479 1395 533 1440 ad
555 1395 675 1441 illam
700 1412 933 1451 summam,
978 1395 1262 1450 ineffabilem,
1298 1396 1563 1459 incorpora-

180 1466 282 1521 lem,
302 1465 709 1528 immutabilemque
725 1475 924 1510 naturam
947 1482 1026 1528 per
1037 1465 1365 1524 intelligentiam
1388 1477 1560 1511 utcum-

181 1553 264 1599 que
289 1535 548 1581 cernendam
565 1573 575 1592 ‚
612 1553 826 1598 nusquam
854 1552 896 1580 se
935 1536 1107 1591 melius,
1150 1547 1320 1595 regente
1357 1534 1568 1582 duntaxat

182 1605 268 1651 fide
291 1604 454 1664 regula,
491 1606 600 1650 acies
624 1605 832 1649 humanae
875 1605 1029 1649 mentis
1071 1617 1252 1660 exercet,
1285 1623 1422 1669 quam
1446 1607 1491 1652 in
1517 1625 1566 1652 eo

181 1675 300 1738 quod
324 1675 414 1737 ipse
432 1674 566 1719 borno
591 1674 636 1719 in
655 1691 729 1719 sua
753 1692 809 1719 na
821 1685 921 1719 tura
936 1673 1087 1727 melius
1105 1675 1270 1719 caeteris
1291 1675 1567 1729 animalibus,

183 1744 333 1790 melius
371 1745 499 1789 etiam
523 1745 688 1790 caeteris
711 1745 867 1789 animae
894 1760 984 1789 suae
1023 1743 1226 1806 partibus
1260 1745 1418 1800 habet,
1444 1746 1566 1808 quod

182 1825 244 1861 est
266 1815 358 1878 ipsa
378 1832 526 1860 mens:
550 1815 623 1860 0111
658 1815 840 1878 quidam
873 1831 1015 1859 rerum
1055 1814 1343 1859 invisibilium
1380 1816 1572 1862 tributus

182 1896 244 1931 est
256 1886 389 1940 visus,
409 1894 451 1945 et
473 1884 546 1929 0111
570 1895 778 1947 tanquam
799 1884 845 1929 in
862 1883 1064 1928 hocloco
1083 1883 1303 1945 superiore
1328 1895 1456 1947 atque
1494 1887 1566 1931 in-

184 1955 335 2000 teriore
357 1954 676 2000 honorabiliter
695 1953 968 2017 praesidenti,
998 1953 1247 2012 judicanda
1269 1955 1414 1999 omnia
1451 1972 1573 2000 111111-

185 2027 294 2071 tiant
331 2025 459 2069 etiam
484 2025 678 2088 corporis
701 2042 874 2077 sensus3
899 2035 942 2069 et
962 2040 1048 2086 qua
1074 2041 1163 2068 non
1186 2035 1247 2069 est
1275 2025 1475 2088 superior
1499 2027 1572 2071 cui

186 2094 361 2141 subdita
379 2094 567 2154 regenda
584 2105 663 2150 est,
694 2094 776 2139 nisi
807 2095 940 2139 Deus.

248 2167 299 2211 L.
324 2164 487 2209 Verum
512 2164 623 2209 inter
638 2164 739 2209 haec
755 2181 857 2227 quae
877 2164 1016 2209 multa
1031 2167 1124 2222 jam
1141 2163 1245 2216 dixi,
1269 2173 1310 2207 et
1328 2164 1440 2209 nihil
1459 2165 1574 2212 illius

188 2251 369 2279 summae
395 2234 619 2279 Trinitatis
635 2233 937 2279 ineffabilitate
962 2233 1143 2292 dignum
1168 2249 1236 2276 me
1259 2232 1409 2278 dixisse
1434 2235 1572 2280 audeo

184 2304 403 2368 profiteri,
423 2303 495 2349 sed
511 2304 710 2349 confiteri
729 2304 876 2367 potius
900 2304 1177 2348 mirificatam
1190 2303 1411 2348 scientiam
1425 2309 1514 2363 ejus
1528 2323 1576 2350 ex

186 2392 256 2420 me
278 2373 506 2421 invaluisse
523 2374 560 2430 2,
574 2391 652 2420 nec
663 2392 788 2437 posse
809 2391 875 2418 me
896 2373 949 2418 ad
967 2373 1105 2428 illam,
1127 2383 1214 2417 otu
1230 2373 1374 2417 anima
1391 2391 1482 2420 mea
1497 2376 1576 2420 ubi

186 2455 227 2490 te
246 2461 332 2489 esse
348 2444 494 2499 sentis,
515 2444 591 2489 ubi
606 2441 746 2504 jaces‚⁷
776 2443 854 2488 ubi
875 2453 977 2499 stas,
1005 2442 1143 2488 donec
1169 2442 1225 2487 ab
1249 2459 1298 2486 eo
1321 2443 1397 2505 qui
1415 2445 1575 2507 propi-

187 2514 274 2560 tius
287 2513 427 2559 factus
449 2524 511 2559 est
529 2514 733 2559 omnibus
754 2512 1063 2573 iniquitatibus
1079 2512 1182 2569 tuis,
1209 2523 1412 2557 sanentur
1427 2530 1573 2559 omnes

242 2598 369 2642 [han.
393 2609 422 2639 1,
441 2599 523 2630 5.—
540 2595 557 2618 2
574 2597 655 2629 Psal.
676 2597 892 2640 cxxxx·111‚6.
