1894 3154
320 278 374 308 DE
410 277 629 308 BAl’TlSMO
665 277 841 307 CONTRA
876 275 1167 317 DONA'HSTAS,
1206 277 1293 307 [ΑΒ.
1336 277 1397 307 VI.
1471 263 1563 324 409

188 345 276 391 sine
302 344 462 408 quibus
491 344 734 407 baptismus
761 341 923 387 Christi
951 341 1190 386 consecrari
1211 359 1300 387 non
1324 353 1493 405 potest3
1524 354 1566 388 et

191 417 282 479 ipse
301 415 542 461 sanctificat
559 423 876 459 sacramentum
897 428 1040 466 suum,
1068 422 1116 457 ut
1136 411 1306 457 homini
1339 413 1424 458 sive
1448 424 1565 458 ante-

189 503 319 548 quam
345 485 608 547 baptizetur,
637 484 724 529 sive
741 500 842 529 cum
861 483 1134 545 baptizatur,
1163 483 1249 527 sive
1265 493 1411 544 postea
1428 501 1566 545 quan-

189 557 334 619 doque
358 555 412 600 ad
437 572 478 600 se
503 554 713 601 veraciter
733 571 957 608 converso,
990 553 1184 616 idipsum
1211 552 1352 598 valeat
1384 552 1436 597 ad
1456 552 1569 598 salu-

193 637 275 671 tem
299 663 310 681 ‚
353 625 473 689 quod
514 625 569 671 ad
612 624 852 688 perniciem
893 624 977 669 nisi
1021 633 1343 669 converteretur
1388 622 1561 670 valeret.

191 697 407 742 Caeterum
449 697 544 758 quis
579 695 741 741 nesciat
770 712 858 740 non
895 712 979 740 esse
1011 694 1281 757 baptismum
1307 693 1501 749 Christi,
1534 695 1568 740 si

191 766 323 811 verba
348 765 609 825 Evangelica
631 765 790 828 quibus
823 764 1084 827 Symbolum
1117 774 1285 810 constat
1306 763 1395 809 illic
1416 763 1569 809 defue-

189 835 308 880 rint?
346 834 430 881 Sed
458 835 626 880 facilius
654 836 935 880 inveniuntur
954 834 1152 880 haeretici
1182 833 1258 896 qui
1282 834 1459 878 omnino
1481 850 1570 878 non

189 905 432 968 baptizent,
463 922 592 968 quam
626 906 703 967 qui
734 922 819 950 non
846 905 930 950 illis
953 905 1096 950 verbis
1116 904 1353 967 baptizent.
1380 903 1569 965 Ideoque

190 975 378 1020 dicimus
400 992 489 1020 non
511 992 681 1020 omnem
706 975 999 1038 baptismum,
1034 976 1162 1037 (nam
1186 975 1231 1019 in
1255 973 1402 1018 multis
1426 972 1570 1018 idolo—

190 1063 288 1090 rum
320 1045 533 1104 sacrilegis
564 1045 693 1090 sacris
732 1045 947 1107 baptizari
978 1044 1176 1089 homines
1211 1042 1567 1106 perhibentur‚)

192 1115 265 1160 sed
296 1116 566 1178 baptismum
591 1115 784 1169 Christi,
811 1115 856 1160 id
880 1125 940 1160 est
958 1151 969 1171 ,
996 1114 1141 1160 verbis
1167 1112 1437 1172 Evangelicis
1460 1129 1570 1158 con-

191 1197 404 1231 secratum
422 1223 431 1241 .,
465 1186 626 1249 ubique
646 1185 849 1231 eumdem
870 1202 955 1231 esse
969 1223 979 1240 ‚
1005 1202 1083 1230 nec
1107 1185 1338 1230 bominum
1357 1200 1572 1246 qnorum-

191 1255 298 1301 libet
322 1267 364 1301 et
387 1256 582 1318 qualibet
602 1257 882 1319 perversitate
903 1255 1071 1302 violari.

255 1326 463 1371 XLVIII.
499 1327 609 1371 Sane
637 1326 682 1371 in
705 1326 786 1370 ista
813 1343 988 1389 quoque
1012 1325 1218 1370 sententia
1237 1341 1326 1369 non
1349 1324 1571 1383 negligen-

195 1407 255 1441 ter
269 1396 558 1441 omittendum
579 1407 640 1441 est
659 1433 668 1450 ‚
691 1396 809 1459 quod
828 1396 902 1441 liic
920 1395 1181 1459 interposuit
1197 1406 1239 1440 et
1263 1395 1321 1439 ait
1343 1412 1353 1438 :
1384 1415 1403 1435 «
1427 1395 1572 1450 Quare

192 1466 397 1511 omnibus
419 1466 615 1528 pacificis
635 1466 813 1528 quidem
835 1466 1002 1511 viribus
1028 1465 1256 1511 nitendum
1279 1475 1340 1510 est
1358 1502 1367 1519 ‚
1401 1481 1454 1509 ne
1477 1464 1574 1527 quis

195 1536 400 1581 haeretico
418 1553 559 1580 errore
577 1536 762 1581 infectus
779 1573 789 1591 ‚
812 1558 830 1577 »
847 1546 889 1580 ct
906 1547 1075 1582 caetera.
1097 1536 1300 1598 Respexit
1313 1535 1426 1580 enim
1441 1535 1575 1580 verba

194 1605 268 1650 illa
297 1606 413 1651 beati
438 1606 650 1669 Cypriani
671 1605 855 1651 dicentis
878 1624 888 1650 ι
923 1627 942 1647 «
965 1606 1188 1651 ‘Neminem
1210 1605 1480 1665 judicantes,
1503 1616 1576 1650 aut

196 1693 216 1720 a
232 1679 328 1734 jure
352 1676 671 1721 communionis
694 1676 882 1739 aliquem
901 1713 911 1730 ‚
936 1676 969 1721 si
992 1676 1210 1721 diversum
1233 1676 1408 1720 senserit
1423 1712 1433 1731 ,
1459 1693 1575 1720 amo-

193 1756 353 1791 ventes.
382 1766 400 1786 »
432 1748 545 1791 Ecce
568 1757 781 1809 quantum
814 1746 954 1791 valeat
989 1747 1033 1791 in
1073 1746 1199 1791 bonis
1237 1745 1442 1790 Ecclesiae
1476 1745 1576 1790 filiis

196 1834 317 1862 amor
350 1817 525 1862 unitatis
557 1828 598 1862 et
625 1818 744 1880 pacis
764 1855 774 1872 ,
814 1828 862 1862 ut
888 1835 996 1881 quos
1029 1817 1236 1863 dicebant
1275 1816 1501 1876 sacrilegos
1535 1827 1576 1861 et

199 1886 428 1949 profanos,
468 1887 557 1932 sine
585 1887 805 1950 baptismo
834 1898 882 1932 ut
916 1888 1248 1933 arbitrabantur
1276 1887 1507 1942 admissos,
1543 1887 1577 1932 si

196 1973 267 2001 eos
292 1968 507 2019 quantum
541 1958 759 2020 putabant
788 1958 1000 2017 corrigere
1027 1975 1115 2003 non
1138 1958 1352 2012 valerent,
1376 1957 1577 2017 eligerent

197 2028 346 2091 potius
370 2027 551 2073 tolerare
568 2064 579 2083 ‚
607 2045 738 2092 quam
759 2039 941 2091 propter
966 2046 1035 2074 eos
1053 2039 1250 2074 sanctum
1276 2027 1385 2072 illud
1417 2028 1577 2072 vincu-

196 2098 288 2143 lum
313 2115 515 2160 rumpere
532 2135 542 2152 ,
582 2115 634 2142 ne
670 2109 852 2161 propter
877 2099 1037 2143 zizania
1065 2098 1357 2143 eradicaretur
1387 2096 1515 2142 simul
1538 2107 1579 2141 et

198 2166 423 2212 triticum‘1
457 2184 466 2210 :
503 2167 799 2228 permittentes
827 2178 1039 2230 quantum
1068 2168 1113 2212 in
1136 2167 1240 2230 ipsis
1261 2176 1373 2221 erat,
1399 2166 1512 2211 sicut
1534 2166 1579 2210 in

198 2237 272 2282 illo
308 2236 577 2281 nobilissimo
615 2236 784 2296 judicio
822 2238 1089 2292 Salomonis,
1124 2237 1320 2282 infantile
1356 2252 1515 2299 corpus
1556 2254 1580 2280 a

198 2307 303 2352 falsa
324 2317 459 2351 matre
478 2307 631 2352 nutriri
652 2308 797 2369 potius
814 2345 824 2363 9
849 2325 979 2371 quam
1002 2308 1219 2354 concidifl.
1252 2308 1347 2353 Hoc
1373 2317 1517 2352 autem
1540 2316 1581 2351 et

200 2378 261 2423 illi
286 2377 506 2422 faciebant
523 2414 534 2433 ‚
558 2377 635 2440 qui
666 2377 719 2423 de
737 2379 947 2440 baptismi
970 2389 1238 2424 sacramento
1260 2379 1402 2424 verius
1421 2378 1579 2422 sentie-

200 2448 309 2492 bant
327 2484 338 2501 ,
359 2458 401 2491 et
419 2447 487 2491 isti
509 2448 670 2510 quibus
688 2466 768 2511 pro
787 2448 940 2493 merito
961 2459 1094 2494 tantae
1113 2448 1340 2495 charitatis
1360 2449 1474 2493 Deus
1490 2457 1581 2492 erat

201 2518 464 2563 revelaturus
480 2554 491 2573 ‚
514 2519 547 2563 si
572 2519 679 2582 quid
701 2519 821 2563 aliter
842 2519 1083 2582 sapiebant.

252 2601 261 2622 ¹
283 2598 398 2634 Mauh.
417 2612 487 2641 3111,
510 2613 567 2643 29.
586 2620 627 2626 —
647 2601 663 2623 ²
681 2614 697 2633 2
717 2605 794 2644 Reg.
809 2614 855 2642 ιιι,
877 2613 933 2642 ²7·
