1894 3154
346 227 402 257 DE
438 225 656 257 BAPTISMO
692 225 865 256 CONTRA
901 224 1193 266 DONATISTAS‚
1231 225 1318 256 LlB.
1359 227 1420 258 lv.
1496 212 1588 259 325

214 292 450 338 veniuntur
467 308 599 352 grana
611 289 819 335 frumenti
833 327 844 345 ,
865 299 906 334 et
927 289 972 334 in
992 289 1267 335 interioribus
1286 291 1582 340 inveniuntur.

216 365 283 408 De
304 372 567 409 sacramento
588 371 730 406 autem
749 377 849 406 611111
870 360 1100 423 quaeritur,
1125 377 1213 404 non
1235 371 1380 407 utrum
1399 362 1593 408 habeant

218 434 381 498 aliquid
406 432 611 479 frumenti
647 431 807 477 zizania
847 432 1076 512 quaeritur„
1113 431 1187 476 sed
1219 443 1365 477 utrum
1398 433 1593 479 habeant

217 504 382 566 aliquid
400 503 536 549 coeli:
558 513 599 547 et
617 503 893 548 exterioribus
917 504 1031 548 enim
1051 513 1092 547 et
1117 502 1397 547 intelioribus
1421 504 1592 549 zizaniis

218 591 316 619 cum
332 575 426 637 ipso
447 573 587 619 t1itico
606 586 666 619 est
679 572 814 636 plum
808 591 830 617 1
847 573 1090 618 communis
1096 589 1220 635 ‚quae
1236 572 1420 618 coelestis
1433 584 1474 618 et
1491 573 1595 619 dul-

218 644 277 688 cis
303 655 365 689 est
382 645 505 708 ipsa,
534 644 662 689 etiam
683 643 715 688 si
734 660 780 688 ex
800 660 847 688 ea
876 644 1036 689 zizania
1057 644 1255 688 steriliter
1273 654 1506 689 crescunt:
1535 644 1596 690 sic

218 724 259 758 et
292 715 354 760 Ev
358 715 600 774 angelicum
633 713 797 759 Christi
826 724 1143 759 sacramentum
1174 713 1373 759 ditinum
1399 724 1441 759 et
1469 731 1597 760 suave

223 793 307 838 est,
337 801 476 848 neque
511 795 691 847 propter
718 800 867 829 eorum
902 783 1166 830 sterilitatem
1197 800 1305 847 quos
1339 784 1469 830 etiam
1496 783 1599 830 foris

225 853 460 916 compluit,
490 854 847 917 improbandum.

283 923 400 969 XIV.
442 924 606 969 Dixerit
635 923 811 986 aliquis,
835 922 1041 968 interiora
1069 923 1231 968 zizania
1256 922 1424 969 facilius
1440 924 1486 969 in
1500 925 1599 969 fru-

219 1004 414 1038 mentum
441 994 651 1040 converti.
685 993 889 1039 Concedo
912 993 972 1038 ita
991 1010 1077 1038 esse
1099 1011 1110 1037 ι
1135 993 1207 1038 sed
1228 993 1336 1055 quid
1359 994 1446 1040 hoc
1464 994 1596 1057 perti-

220 1074 292 1108 net
313 1063 366 1108 ad
390 1063 657 1126 baptismum
677 1063 964 1109 iterandum?
988 1063 1215 1127 Numquid
1249 1063 1283 1108 si
1309 1063 1419 1109 forte
1447 1064 1602 1127 aliquis

223 1133 277 1178 ab
301 1133 517 1179 haereticis
535 1150 764 1179 conversus
780 1170 792 1190 ,
818 1133 1110 1179 conversionis
1129 1150 1217 1178 suae
1237 1144 1435 1196 tempore
1457 1151 1507 1179 ac
1531 1134 1601 1179 fa-

222 1203 383 1249 cilitate
409 1204 670 1266 praevenerit
689 1221 812 1259 611111,
846 1203 922 1267 qui
943 1203 1106 1248 tardius
1128 1203 1245 1249 intus
1269 1221 1292 1248 a
1317 1203 1481 1249 malitia
1500 1220 1601 1250 cor-

222 1273 379 1332 rigitur
404 1284 445 1318 et
468 1284 679 1328 mutatur,
709 1275 746 1318 ei
771 1291 858 1318 non
884 1283 945 1318 est
961 1272 1205 1318 iterandum
1223 1273 1464 1336 baptisma3
1484 1284 1526 1319 et
1541 1273 1605 1319 1111

223 1342 298 1405 qui
314 1359 433 1405 praev
437 1353 560 1388 entus
583 1353 643 1387 est
669 1343 724 1387 ab
745 1360 793 1387 eo
818 1343 893 1405 qui
915 1360 961 1387 ex
990 1342 1207 1387 haereticis
1227 1343 1342 1388 venit
1359 1343 1497 1405 ‚quia
1518 1354 1602 1388 tar-

225 1412 320 1457 dius
338 1424 553 1458 correctus
573 1424 651 1468 est,
678 1413 925 1458 iterandum
944 1424 1030 1458 est..
1021 1416 1038 1448 D
1062 1412 1182 1457 Nihil
1201 1430 1246 1458 61
1249 1430 1300 1472 Oo
1319 1380 1372 1458 ad
1391 1431 1481 1458 rem
1500 1431 1604 1476 per-

226 1483 355 1537 tinet,
384 1483 436 1528 de
467 1500 553 1545 qua
587 1499 704 1528 nunc
727 1484 908 1546 quaestio
939 1494 1025 1535 651,
1050 1483 1145 1545 quis
1169 1484 1300 1528 serius
1327 1501 1368 1528 se
1392 1485 1609 1530 tardiusve

227 1563 451 1597 convertat
480 1570 502 1597 a
527 1553 708 1616 propria
746 1554 1025 1616 perversitate
1056 1553 1107 1598 ad
1140 1553 1445 1599 rectitudinem
1477 1555 1605 1609 fidei,

226 1621 294 1667 vel
320 1622 432 1684 spei,
457 1622 525 1668 vel
548 1622 787 1669 charitatis.
820 1623 912 1667 Etsi
936 1623 1058 1668 enim
1079 1623 1298 1668 interiores
1319 1623 1421 1668 mali
1444 1623 1613 1669 facilius

228 1702 415 1754 possunt
433 1692 541 1736 honi
561 1692 655 1737 fieri
675 1729 688 1749 ,
717 1692 952 1755 aliquando
989 1703 1132 1737 tamen
1158 1703 1199 1737 et
1221 1692 1274 1737 de
1291 1709 1471 1739 numero
1496 1704 1613 1739 exte-

228 1762 394 1807 riorum
422 1761 602 1825 quidam
629 1762 841 1825 quosdam
873 1762 1096 1807 interiores
1131 1763 1408 1809 conversione
1439 1780 1615 1826 praeve-

230 1833 384 1888 niunt,
418 1843 460 1877 et
482 1833 567 1878 illis
594 1833 639 1879 in
664 1833 882 1878 sterilitate
919 1833 1197 1878 manentibus
1232 1834 1390 1879 unitati
1423 1834 1616 1880 reconci-

230 1902 320 1947 liati
342 1939 354 1958 ‚
382 1902 577 1948 fructum
614 1904 797 1948 afferunt
827 1920 929 1948 cum
960 1903 1213 1959 tolerantia,
1254 1903 1341 1949 sive
1368 1904 1583 1949 tricenum
1601 1941 1612 1960 ‚

232 1972 319 2017 sive
342 1989 616 2031 sexagenum.
648 1973 734 2018 sive
754 1984 998 2019 centenum.
1025 1974 1112 2018 Aut
1130 1974 1163 2018 si
1182 1973 1345 2019 zizania
1370 1991 1417 2019 ea
1436 1974 1524 2020 sola
1545 1974 1616 2019 di-

233 2040 369 2087 cenda
384 2053 500 2098 sunt,
518 2059 619 2106 quae
643 2060 776 2107 usque
797 2045 842 2089 in
865 2045 996 2088 finem
1016 2044 1062 2089 in
1080 2044 1269 2103 maligno
1290 2061 1431 2090 errore
1450 2044 1617 2107 perdu-

233 2122 356 2157 rant:
377 2123 417 2157 et
443 2112 545 2158 foris
563 2112 698 2158 multa
720 2113 937 2159 frumenta
956 2124 1072 2169 sunt,
1095 2124 1137 2158 et
1156 2114 1271 2159 intus
1285 2114 1421 2160 multa
1435 2113 1612 2161 zizania.

299 2182 398 2228 XV.
442 2184 498 2228 At
521 2183 634 2227 enim
659 2188 827 2246 pejores
856 2194 958 2228 sunt
988 2185 1211 2229 exteriores
1236 2201 1369 2246 quam
1394 2185 1621 2230 interiores

235 2251 374 2296 mali?
405 2253 564 2311 Magna
596 2253 775 2316 quidem
805 2254 987 2317 quaestio
1022 2264 1108 2308 est,
1151 2264 1301 2299 utrum
1338 2257 1464 2317 pejor
1486 2254 1618 2301 fuerit

238 2321 444 2368 Nicolat'is
468 2323 648 2368 exterior
662 2318 754 2383 jam
773 2362 784 2380 ,
807 2341 941 2387 quam
962 2324 1112 2369 Simon
1130 2324 1275 2370 adhuc
1293 2324 1491 2381 interior,
1515 2326 1619 2388 quia

237 2391 309 2437 ille
334 2391 567 2438 haereticus
584 2430 594 2448 ,
621 2393 699 2439 iste
724 2393 921 2453 magusl.
959 2394 1091 2451 Quod
1120 2395 1153 2440 si
1186 2395 1280 2458 ipsa
1309 2394 1490 2451 divisio,
1518 2396 1621 2459 quia

238 2461 410 2508 violatae
433 2463 654 2510 charitatis
675 2465 962 2512 certissimum
987 2465 1198 2512 indicium
1223 2477 1285 2512 est
1304 2504 1315 2523 ,
1343 2467 1516 2528 gravius
1533 2467 1618 2512 ha-

288 2544 299 2566 1
313 2546 387 2578 Act.
404 2556 448 2583 w,
461 2547 494 2589 5,
511 2552 541 2578 et
559 2557 634 2587 ⁸111,
654 2550 707 2582 18.
