1894 3154
293 317 351 348 20
712 314 746 342 S.
794 309 1034 341 AUGUSTINI
1069 308 1276 340 EPISCOPI

286 381 528 428 firmissime
546 379 782 432 cohaerere,
824 376 1124 439 temperantiae
1145 375 1285 420 ,nullo
1322 374 1492 420 defectu
1533 373 1659 419 noxio

287 452 506 499 delectari.
528 452 656 497 Nunc
685 459 827 494 autem
857 446 977 510 quod
1016 447 1102 506 agit
1115 445 1283 505 justitia
1305 446 1351 491 in
1366 445 1661 491 subveniendo

287 522 449 568 miseris
468 558 478 576 ‚
514 519 634 584 quod
667 517 900 582 prudentia
920 516 965 561 in
995 515 1294 579 praecavendis
1321 515 1512 570 insidiis,
1540 515 1661 577 quod

284 591 497 637 fortitudo
527 591 573 635 in
598 586 865 652 perferendis
889 586 1090 631 molestiis
1106 623 1117 641 ‚
1139 585 1260 649 quod
1295 585 1580 648 temperantia
1616 585 1661 629 in

284 660 538 707 coercendis
558 656 921 704 delectationibus
952 655 1116 718 pravis,
1142 672 1229 700 non
1253 655 1316 700 ibi
1340 656 1437 710 erit,
1456 654 1531 699 ubi
1549 653 1662 698 nihil

283 732 459 776 omnino
484 729 586 774 mali
607 729 701 774 erit.
734 730 794 772 Ac
817 744 896 788 per
913 726 1001 771 hoc
1018 725 1097 770 ista
1127 726 1339 770 virtutum
1366 742 1524 787 opera3
1561 741 1661 786 quae

280 801 386 846 huic
409 798 583 844 mortali
605 798 708 843 vitae
724 805 824 840 sunt
841 795 1094 849 necessaria,
1117 794 1229 839 sicut
1251 794 1358 839 fides
1372 795 1424 839 ad
1449 811 1579 857 quam
1597 811 1659 838 re-

281 870 455 915 ferenda
479 878 601 924 sunt,
645 867 691 912 in
708 865 941 929 praeteritis
963 864 1276 909 habebuntur:
1318 875 1359 909 et
1383 864 1507 909 aliam
1544 881 1661 909 nuuc

280 941 447 985 faciunt
466 939 720 992 trinitatem,
747 953 848 981 cum
863 952 910 980 ea
927 935 1158 997 praesentia
1181 946 1388 989 tenemus,
1407 935 1656 997 aspicimus,

282 1026 502 1061 amamus;
536 1007 663 1052 aliam
686 1016 788 1050 tunc
815 1004 983 1049 factura
1006 1014 1125 1059 sunt‚
1154 1021 1253 1049 cum
1279 1021 1327 1048 ea
1351 1021 1438 1049 non
1461 1020 1564 1058 esse,
1588 1003 1659 1048 sed

276 1079 423 1131 fuisse„
451 1095 528 1140 per
550 1075 756 1140 quaedam
774 1091 919 1119 eorum
947 1074 1142 1132 vestigia,
1165 1090 1264 1136 quae
1295 1073 1598 1136 praetereundo
1614 1073 1660 1118 111

279 1149 485 1204 memoria
515 1146 830 1208 derelinquent,
853 1145 1143 1207 reperiemus:
1163 1143 1266 1206 quia
1301 1154 1342 1188 et
1362 1154 1466 1188 tunc
1493 1144 1659 1188 trinitas

277 1219 375 1274 erit‚
400 1234 501 1262 cum
520 1215 631 1261 illud
656 1214 971 1277 qualecumque
996 1212 1222 1271 vestigium
1241 1222 1282 1257 et
1307 1213 1555 1258 memoriter
1587 1230 1659 1258 re-

279 1288 509 1343 tinebitur,
529 1297 571 1331 et
595 1295 850 1345 agnoscetur
868 1283 1093 1339 veraciter,
1117 1293 1158 1328 et
1177 1283 1263 1328 hoc
1281 1293 1515 1347 utrumque
1536 1284 1658 1329 tertia

279 1357 502 1404 voluntate
521 1360 745 1415 jungetur.

344 1428 471 1473 Xlll‘.
515 1427 568 1470 ln
590 1425 783 1469 omnium
810 1424 988 1468 istarum
1008 1460 1018 1477 ,
1056 1440 1161 1486 quas
1190 1423 1653 1477 commemoravimus,

278 1496 588 1560 temporalium
613 1511 757 1539 rerum
778 1494 953 1538 scientia
973 1530 983 1549 ‚
1007 1493 1208 1556 quaedam
1230 1494 1539 1553 cognoscibilia
1557 1512 1656 1554 cog-

275 1568 487 1612 nitionem
512 1564 839 1626 interpositione
863 1564 1070 1624 temporis
1094 1563 1389 1617 antecedunt3
1419 1565 1530 1610 sicut
1547 1576 1656 1620 *sunt

275 1654 324 1682 ea
348 1635 566 1681 sensibilia
581 1671 592 1689 ,
614 1636 815 1696 quaejam
836 1643 958 1676 erant
978 1633 1021 1676 in
1040 1633 1168 1677 rebus
1188 1669 1198 1687 ‚
1222 1644 1454 1695 antequam
1479 1651 1657 1693 cognos-

275 1717 506 1759 cerentur3
531 1704 599 1749 vel
619 1720 666 1748 ea
696 1703 841 1747 onmia
857 1739 867 1758 ,
896 1719 994 1764 quae
1022 1720 1101 1765 per
1124 1703 1352 1748 historiam
1383 1721 1655 1763 cognoscun-

274 1788 348 1822 tur
369 1795 378 1820 :
402 1775 606 1838 quaedam
630 1790 729 1818 vero
754 1773 883 1817 simul
902 1790 987 1817 esse
1012 1773 1255 1836 incipiunt3
1283 1774 1400 1819 velut
1429 1776 1462 1820 si
1490 1775 1654 1838 aliquid

273 1846 446 1893 visibile
461 1883 471 1901 ,
492 1845 610 1908 quod
630 1845 807 1888 omnino
826 1860 913 1888 11011
932 1854 1022 1888 erat
1037 1881 1047 1899 ‚
1074 1855 1171 1889 ante
1191 1854 1357 1889 nostros
1379 1846 1527 1891 oeulos
1545 1847 1654 1892 oria-

276 1929 376 1972 tur,
410 1915 701 1975 cognitionem
732 1924 923 1958 nostram
959 1914 1109 1977 utique
1138 1929 1227 1959 non
1260 1915 1494 1976 praecedit3
1524 1927 1597 1961 aut
1621 1917 1654 1961 si

276 1985 442 2048 aliquid
465 1995 610 2039 sonet,
631 1983 709 2028 ubi
732 1983 850 2027 adest
870 1983 1059 2038 auditor,
1077 1983 1204 2028 simul
1221 1983 1417 2046 profecto
1435 1985 1654 2048 incipiunt

275 2074 385 2112 esse,
414 2055 629 2117 simulque
649 2054 849 2098 desinunt
867 2064 909 2098 et
932 2071 1060 2098 sonus
1078 2064 1118 2099 et
1143 2059 1234 2113 ejus
1258 2055 1445 2101 auditus.
1474 2056 1652 2101 Verum-

274 2137 418 2171 tamen
450 2125 537 2169 sive
575 2134 768 2186 tempore
803 2123 1123 2186 praecedentia,
1161 2124 1248 2169 sive
1281 2124 1408 2170 simul
1435 2142 1520 2170 esse
1538 2126 1652 2171 inci-

274 2196 439 2258 pientia
465 2193 779 2253 cognoscibilia
811 2193 1110 2252 cognitionem
1135 2193 1341 2253 gignunt,
1378 2212 1465 2240 non
1497 2197 1651 2255 cogni-

274 2265 390 2310 tione
424 2264 673 2322 gignuntur.
718 2263 976 2321 Cognitione
1016 2280 1115 2308 vero
1149 2263 1289 2319 facta,
1332 2281 1433 2309 cum
1470 2282 1517 2310 ea
1550 2283 1651 2328 quae

275 2333 557 2394 cognovimus
572 2369 582 2387 ,
605 2334 747 2395 posita
765 2333 810 2377 in
831 2333 1038 2377 memoria
1058 2333 1355 2378 recordatione
1371 2335 1617 2380 revisuntur
1635 2373 1645 2391 ‚

275 2404 371 2468 quis
398 2419 485 2447 non
509 2402 653 2447 videat
669 2402 859 2464 priorem
878 2419 965 2447 esse
988 2414 1182 2466 tempore
1200 2404 1244 2448 in
1277 2405 1483 2450 memoria
1504 2416 1649 2450 reten-

273 2476 434 2519 tionem
453 2509 463 2527 ‚
490 2489 623 2534 quam
641 2472 685 2516 in
710 2472 1006 2518 recordatione
1023 2470 1231 2518 visionem
1250 2511 1258 2528 ‚
1280 2483 1320 2518 et
1337 2474 1471 2533 hujus
1491 2475 1650 2520 utrius-

270 2561 354 2608 que
380 2541 501 2588 tertia
524 2541 746 2588 voluntate
767 2542 1070 2600 junctionem?
1099 2543 1236 2588 Porro
1261 2553 1402 2589 autem
1429 2544 1474 2589 in
1503 2555 1645 2590 mente
