1894 3154
584 270 640 300 DE
673 267 929 310 ΤΜΝῙΤΑΤΕ,
968 268 1057 300 Lm.
1100 269 1172 301 xv.
1519 257 1577 318 67

209 335 534 400 perceptionem
564 332 754 381 veritatis
791 343 1042 393 argumenta
1083 332 1220 378 multa
1253 333 1427 380 inventa
1455 347 1578 393 sunt,

209 405 540 469 permovebunt.
580 404 694 450 Cum
727 403 841 448 enim
873 402 961 448 duo
993 402 1078 449 sint
1115 419 1269 463 genera
1304 420 1451 450 rerum
1485 423 1587 469 quae

210 476 428 533 sciuntur,
456 491 593 521 unum
615 491 763 520 earum
785 490 884 537 quae
905 491 984 536 per
1002 491 1147 520 sensus
1175 474 1373 537 corporis
1396 475 1587 538 percipit

212 547 404 603 animus,
441 546 621 592 alterum
647 561 795 591 earum
825 561 925 608 quae
961 562 1040 608 per
1070 562 1112 591 se
1138 545 1284 608 ipsum
1318 563 1328 590 ε
1354 545 1494 591 multa
1521 546 1586 591 illi

211 616 476 680 Philosophi
499 616 740 677 garrierunt
759 624 912 660 contra
930 615 1127 678 corporis
1145 632 1290 661 sensus
1315 633 1325 659 :
1350 616 1484 661 animi
1505 633 1588 662 au·-

212 697 298 731 tem
325 686 535 750 quasdam
561 685 826 731 firmissimas
846 701 926 747 per
949 702 990 730 se
1012 685 1158 748 ipsum
1186 686 1486 749 perceptiones
1516 703 1588 731 re-

212 773 310 801 rum
329 773 526 803 verarum
544 793 554 812 ,
575 755 703 819 quale
720 754 830 800 illud
854 766 917 800 est
934 755 1055 819 quod
1074 755 1162 800 dixi
1182 772 1193 800 ε
1216 755 1317 801 Scio
1336 773 1404 800 me
1423 756 1583 813 vivere,

213 843 489 889 nequaquam
518 826 566 871 in
597 825 785 871 dubium
820 841 976 871 vocare
1011 835 1267 888 potuerunt.
1311 825 1397 871 Sed
1430 826 1542 872 absit
1566 844 1591 871 a

214 896 341 941 nobis
367 907 414 942 ut
436 914 483 941 ea
502 912 602 959 quae
617 912 696 958 per
714 910 859 940 sensus
882 894 1079 956 corporis
1099 894 1358 950 didicimus,
1386 912 1485 940 vera
1504 913 1591 942 esse

216 965 466 1012 dubitemus
494 984 503 1010 :
530 982 608 1028 per
630 982 700 1010 eos
717 965 885 1027 quippe
913 963 1149 1009 didicimus
1169 963 1332 1009 coelum
1352 975 1395 1009 et
1414 975 1590 1021 terram,

216 1046 258 1082 et
275 1053 322 1081 ea
345 1053 446 1099 quae
466 1036 511 1081 in
529 1036 588 1080 eis
608 1045 711 1080 nota
737 1045 837 1080 sunt
852 1034 1002 1090 nobis,
1027 1044 1241 1097 quantum
1262 1034 1333 1080 ille
1357 1035 1433 1098 qui
1456 1046 1497 1081 et
1514 1053 1592 1081 nos

218 1117 258 1152 et
274 1107 369 1170 ipsa
396 1105 624 1162 condidit,
646 1106 910 1151 innotescere
933 1104 1062 1150 nobis
1078 1105 1231 1151 voluit.
1263 1105 1388 1151 Absit
1407 1106 1536 1152 etiam
1554 1117 1603 1152 ut

217 1178 323 1223 scire
344 1194 422 1222 nos
443 1193 674 1236 negemus,
702 1192 801 1239 quae
823 1174 1069 1220 testimonio
1100 1174 1336 1220 didicimus
1369 1175 1553 1222 aliorum
1580 1194 1591 1221 ε

219 1247 413 1310 alioquin
431 1263 516 1291 esse
534 1246 749 1291 nescimus
768 1245 997 1290 Oceanum
1013 1264 1024 1298 3
1046 1245 1261 1290 nescimus
1278 1262 1364 1291 esse
1381 1255 1513 1291 terras
1532 1256 1598 1291 at-

219 1333 303 1379 que
322 1316 450 1361 urbes
468 1353 479 1372 ‚
502 1332 609 1379 quas
627 1315 908 1361 celeberrima
926 1314 1042 1360 fama
1061 1314 1363 1369 commendat3
1383 1316 1599 1362 nescimus

216 1384 346 1431 fuisse
364 1385 562 1431 homines
593 1396 635 1431 et
665 1402 798 1448 opera
830 1401 979 1429 eorum
999 1421 1010 1439 ‚
1038 1401 1140 1448 quae
1173 1384 1380 1432 historica
1411 1385 1596 1432 lectione

220 1454 478 1508 didicimus3
500 1455 714 1500 nescimus
732 1471 831 1518 quae
848 1453 1045 1517 quotidie
1066 1454 1373 1518 undecumque
1393 1457 1599 1502 nuntian-

222 1535 292 1570 tur
307 1561 318 1581 ,
352 1535 392 1570 et
423 1524 594 1570 indiciis
633 1524 832 1571 consonis
869 1524 1298 1588 contestantibusque
1335 1526 1566 1572 firmantur
1584 1547 1596 1580 3

220 1605 437 1658 postremo
457 1595 673 1640 nescimus
695 1594 740 1639 in
765 1594 925 1656 quibus
948 1593 1078 1650 locis,
1102 1593 1171 1639 vel
1195 1611 1241 1639 ex
1265 1595 1426 1656 quibus
1444 1595 1596 1641 homi-

221 1666 351 1710 nibus
367 1664 574 1710 fuerimus
592 1665 747 1718 exorti3
774 1665 876 1727 quia
898 1664 996 1709 haec
1017 1664 1162 1709 omnia
1185 1664 1438 1710 testimoniis
1457 1665 1595 1711 credi-

223 1735 366 1781 dimus
393 1735 591 1782 aliorum.
626 1734 760 1792 Quod
785 1735 818 1780 si
839 1733 1198 1780 absurdissimum
1225 1745 1287 1780 est
1311 1734 1480 1790 dicere3
1506 1753 1596 1782 non

223 1806 361 1851 solum
373 1817 639 1860 nostrorum,
656 1806 936 1851 verumetiam
949 1816 990 1850 et
1002 1805 1241 1850 alienorum
1255 1822 1490 1868 corporum
1505 1823 1597 1852 sen-

223 1893 292 1921 sus
306 1876 544 1938 plurimum
575 1875 788 1921 addidisse
803 1885 960 1923 nostrae
983 1874 1173 1920 scientiae
1197 1875 1494 1921 confitendum
1515 1886 1590 1922 est.

287 1947 432 1993 XXII.
466 1947 574 1991 Haec
596 1945 729 2005 igitur
752 1946 924 1999 omnia,
955 1955 998 1990 et
1026 1961 1127 2007 quae
1158 1961 1237 2007 per
1269 1961 1310 1990 se
1341 1945 1515 2008 ipsum,
1554 1956 1597 1991 et

223 2032 322 2078 quae
343 2033 420 2078 per
440 2032 583 2061 sensus
603 2015 667 2060 sui
691 2015 886 2078 corporis
900 2052 911 2072 ,
945 2025 986 2060 et
1010 2031 1110 2078 quae
1133 2015 1386 2060 testimoniis
1413 2015 1597 2061 aliorum

222 2097 430 2149 percepta
454 2086 534 2131 scit
558 2086 725 2131 animus
744 2086 964 2131 humanus
982 2122 993 2141 ‚
1021 2085 1224 2130 thesauro
1242 2085 1465 2131 memoriae
1485 2103 1596 2131 con-

224 2156 315 2201 dita
339 2167 479 2212 tenet,
510 2167 551 2201 et
580 2157 741 2219 quibus
765 2157 955 2216 gignitur
985 2155 1170 2202 verbum
1199 2171 1351 2201 Verum
1370 2192 1381 2211 ‚
1419 2157 1597 2219 quando

224 2225 343 2288 quod
367 2226 526 2271 scimus
541 2225 785 2289 loquimur,
813 2226 887 2272 sed
910 2225 1094 2272 verbum
1113 2234 1211 2269 ante
1233 2241 1405 2270 omnem
1422 2242 1595 2283 sonum,

227 2305 324 2340 ante
350 2312 522 2341 omnem
549 2296 854 2355 cogitationem
892 2295 998 2341 soni.
1030 2295 1157 2339 Tunc
1184 2294 1299 2339 enim
1327 2304 1389 2339 est
1415 2296 1601 2342 verbum

226 2365 493 2411 simillimum
513 2366 573 2411 rei
589 2376 705 2411 notae
719 2403 730 2421 ‚
751 2365 804 2411 de
820 2382 906 2428 qua
924 2364 1115 2424 gignitur
1138 2373 1180 2409 et
1195 2363 1338 2423 imago
1360 2368 1473 2424 eJ'us,
1497 2383 1604 2429 quo-

225 2437 340 2482 niam
366 2436 418 2481 de
438 2436 599 2482 visione
617 2436 807 2482 scientiae
826 2435 933 2482 visio
951 2434 1223 2494 cogitationis
1245 2435 1457 2492 exoritur,
1479 2437 1600 2499 quod

227 2517 288 2552 est
312 2507 497 2553 verbum
520 2507 680 2567 linguae
703 2506 865 2552 nullius
880 2543 891 2562 ‚
928 2506 1110 2551 verbum
1142 2521 1292 2551 verum
1320 2504 1372 2550 de
1401 2523 1447 2551 re
1473 2524 1574 2554 vera
1589 2545 1601 2565 ,

225 2576 337 2624 nihil
359 2576 412 2623 cle
435 2593 512 2623 suo
544 2577 741 2634 habens,
776 2576 849 2622 sed
880 2586 1022 2622 totum
1049 2575 1102 2621 de
1124 2574 1199 2621 illa
1223 2575 1400 2622 scientia
1429 2575 1484 2623 de
1513 2595 1601 2642 qua

1396 2646 1439 2693 5.
