1894 3154
319 265 412 315 366
526 264 545 266 ”
615 262 619 265 ’
668 262 677 263 ’
740 273 776 306 ε.
818 271 1065 305 Aueusnm
1100 270 1304 323 Errscort

319 360 411 391 ram
446 346 732 407 potestatem,
775 340 903 386 etiam
940 340 1066 386 nobis
1113 338 1508 404 qualibuscumque
1543 338 1697 388 locum*

321 415 470 471 dedit,
503 412 685 477 Pacifice
717 428 862 457 secum
886 411 965 456 ista
986 410 1216 457 tractandi.
1247 411 1440 456 Praesens
1460 421 1522 456 est
1545 410 1657 456 enim
1676 448 1686 467 ‚

320 504 409 533 non
432 484 569 531 solum
592 499 672 547 per
699 482 862 528 litteras
880 499 975 528 suas
994 520 1004 539 ,
1034 482 1105 527 sed
1126 482 1254 527 etiam
1274 498 1352 544 per
1373 481 1508 544 ipsam
1530 492 1629 545 quae
1646 481 1691 527 in

316 557 393 604 illo
410 555 591 601 maxime
608 553 747 612 viguit
762 589 773 608 ‚
793 563 836 597 et
850 553 960 597 mori
980 568 1204 614 nunquam
1223 552 1390 614 potuit,
1413 552 1684 598 charitatem.

318 626 436 672 Huic
456 641 555 685 ergo
584 623 797 668 inhaerere
831 632 872 667 et
902 621 1191 682 conglutinari
1225 620 1469 668 desiderans
1488 659 1499 678 ,
1539 622 1572 667 si
1603 639 1693 666 non

317 694 533 759 impediar
560 692 910 739 inconvenientia
937 702 1216 755 peccatorum
1235 709 1458 748 meorum,
1483 692 1693 738 orationi-

318 766 402 812 bus
421 768 511 826 ejus
532 763 726 824 adjutus,
748 762 911 811 discam
931 763 964 808 si
982 773 1135 826 potero
1154 780 1232 826 per
1251 762 1411 808 litteras
1427 766 1515 822 ejus
1530 773 1693 826 quanta

319 854 428 901 pace
449 853 530 900 per
558 852 656 880 eum
678 833 915 880 Ecclesiam
940 851 1063 880 suam
1089 834 1301 879 Dominus
1322 872 1332 891 ‚
1361 844 1402 879 et
1434 843 1597 897 quanto
1621 851 1692 879 so-

318 908 424 954 latio
448 905 780 968 gubernaverit3
808 916 849 950 et
867 923 946 969 per
969 908 1059 965 ejus
1081 905 1285 951 sermonis
1310 906 1509 950 affectum
1526 903 1694 950 visceri-

320 978 404 1024 bus
423 976 682 1023 humilitatis
712 974 922 1032 indutus,
951 976 983 1020 si
1012 975 1119 1038 quid
1143 975 1283 1022 verius
1307 975 1440 1021 sentio
1467 991 1566 1020 cum
1593 975 1696 1019 orbe

321 1059 532 1094 terrarum
548 1083 559 1104 ‚
585 1063 675 1092 non
693 1045 731 1091 ei
753 1062 1009 1109 praeponam
1035 1063 1110 1091 cor
1143 1061 1311 1102 meum,
1344 1063 1424 1091 nec
1456 1045 1501 1091 in
1525 1062 1573 1090 eo
1601 1045 1696 1108 ipso

322 1120 442 1183 quod
474 1118 596 1164 aliter
629 1116 812 1161 sentiens
842 1132 931 1160 non
966 1126 1110 1161 tamen
1133 1115 1377 1178 diremptus
1407 1125 1468 1160 est
1502 1115 1557 1159 ab
1590 1115 1700 1178 orbe

323 1200 548 1236 terrarum.
582 1189 726 1246 Majus
757 1185 924 1250 quippe
957 1186 1003 1231 in
1038 1203 1087 1231 eo
1111 1186 1247 1231 robur
1282 1187 1451 1231 virtutis
1485 1185 1693 1241 eminuit,

323 1276 423 1306 cum
447 1259 526 1305 ista
550 1256 733 1321 quaestio
758 1255 956 1301 nondum
980 1256 1170 1301 discussa
1195 1265 1397 1312 nutaret,
1428 1255 1547 1318 quod
1577 1254 1698 1300 aliter

321 1330 504 1377 sentiens
527 1344 660 1392 quam
683 1326 812 1372 multi
832 1326 1009 1386 collegae
1025 1364 1035 1383 ,
1064 1337 1226 1373 tantam
1248 1325 1587 1371 moderationem
1609 1326 1694 1372 ol)-

320 1401 475 1457 enuit,
499 1410 549 1445 ut
574 1397 779 1444 Ecclesiae
803 1398 885 1442 Dei
909 1407 1101 1442 sanctam
1127 1397 1374 1441 societatem
1411 1396 1530 1441 nulla
1555 1396 1697 1441 schis-

321 1473 448 1519 matis
464 1470 563 1515 labe
588 1478 840 1521 truncaret,
868 1484 1000 1530 quam
1031 1467 1064 1512 si
1090 1467 1233 1512 onmia
1256 1484 1343 1512 non
1368 1466 1504 1511 solum
1527 1466 1698 1512 veraci—

323 1542 386 1588 ter
405 1580 415 1599 ‚
450 1540 523 1587 sed
554 1539 683 1585 etiam
714 1538 878 1602 pariter
900 1538 988 1582 sine
1010 1537 1090 1583 ista
1123 1537 1283 1584 virtute
1315 1537 1502 1582 sentiret.
1546 1537 1695 1599 Neque

321 1613 437 1659 enim
459 1611 496 1657 ei
520 1609 695 1673 placeo,
718 1608 751 1653 si
771 1611 860 1668 ejus
883 1607 1108 1667 ingenium
1128 1607 1470 1670 facultatemque
1490 1608 1696 1652 sermonis

321 1694 364 1730 e't
385 1681 597 1729 doctrinae
629 1680 871 1725 ubertatem
907 1689 1056 1724 sancto
1093 1677 1278 1724 concilio
1308 1689 1566 1724 cunctarum
1590 1694 1696 1737 gen-

317 1754 429 1800 tium
447 1790 460 1810 ,
490 1751 562 1798 cui
584 1749 780 1815 profecto
808 1747 1006 1795 interfuit
1024 1767 1104 1813 per
1123 1749 1300 1812 spiritus
1330 1748 1538 1794 unitatem
1552 1784 1564 1804 ,
1584 1764 1698 1811 prae-

320 1841 483 1888 ponere
518 1822 712 1868 affectem
747 1838 757 1865 ε
800 1820 1041 1884 praesertim
1069 1824 1162 1881 jam
1194 1820 1239 1865 in
1270 1820 1347 1866 tali
1381 1819 1569 1866 veritatis
1601 1818 1696 1864 luce

319 1895 463 1959 posito
477 1930 488 1950 ,
512 1893 591 1937 ubi
609 1891 841 1936 certissime
861 1891 999 1936 cernit
1015 1929 1025 1947 ‚
1048 1890 1166 1953 quod
1184 1891 1257 1936 hic
1273 1890 1544 1954 pacatissime
1561 1889 1698 1951 requi-

319 1967 460 2014 rebat.
504 1966 567 2011 Ex
590 1963 665 2009 illa
689 1962 802 2008 enim
829 1963 1026 2008 ubertate
1057 1962 1156 2007 liaec
1182 1973 1325 2008 nostra
1362 1979 1461 2024 quae
1492 1961 1697 2006 videntur

320 2036 514 2100 eloquia,
536 2045 747 2095 tanquam
775 2032 990 2078 infantilia
1008 2031 1253 2077 rudimenta
1277 2031 1441 2077 deridet
1464 2049 1474 2076 ε
1496 2031 1560 2076 ibi
1578 2030 1695 2077 videt

321 2124 407 2171 qua
425 2104 573 2164 regula
592 2102 765 2165 pietatis
785 2102 861 2147 hic
880 2102 1040 2161 egerit,
1068 2112 1115 2146 ut
1133 2102 1244 2147 nihil
1263 2113 1368 2147 esset
1388 2101 1424 2146 ei
1441 2102 1485 2146 in
1504 2100 1694 2146 Ecclesia

319 2177 495 2224 charius
531 2174 696 2220 unitate
734 2190 744 2217 t
781 2172 845 2218 ibi
876 2173 1004 2217 etiam
1033 2172 1241 2218 ineffabili
1271 2172 1551 2218 delectatione
1585 2188 1694 2216 con-

318 2258 465 2294 tuetur
500 2261 632 2309 quam
662 2242 849 2306 provida
880 2254 920 2289 et
949 2243 1346 2289 misericordissima
1380 2243 1694 2307 dispensatione

317 2317 536 2364 Dominus
562 2325 611 2360 ut
637 2323 825 2358 tumores
844 2324 1010 2359 nostros
1034 2324 1226 2369 curaret,
1251 2313 1381 2359 stulta
1401 2312 1554 2358 mundi
1570 2313 1694 2371 elegit

319 2399 368 2435 ut
396 2384 682 2433 confunderet
702 2384 964 2447 sapientes1‚
995 2395 1122 2448 atque
1144 2385 1189 2429 in
1219 2384 1446 2429 ordinibus
1471 2384 1693 2429 membro-

317 2476 417 2505 rum
443 2455 646 2502 Ecclesiae
675 2469 762 2500 suae
798 2465 886 2500 tam
920 2454 1151 2500 salubriter
1180 2454 1325 2499 omnia
1354 2454 1607 2509 collocaret,
1640 2471 1693 2498 ne

316 2529 369 2577 de
391 2526 562 2588 ingenio
587 2524 655 2572 vel
677 2524 829 2572 litteris
851 2524 936 2572 suis
953 2562 964 2582 ,
991 2542 1098 2589 quas
1122 2524 1269 2571 adhuc
1293 2524 1542 2584 ignorarent
1568 2527 1692 2583 cnjus

364 2613 376 2637 Ι
396 2622 409 2642 1
426 2611 503 2642 Cor.
523 2618 552 2645 1,
568 2617 622 2647 27.
