1894 3154
344 272 436 327 [136
767 285 799 314 s.
843 282 1086 314 AUGns‘rtai
1121 280 1323 312 EPISCOPI

342 353 509 407 leraret‚
530 367 583 395 ne
605 349 731 395 simul
754 349 1044 394 eradicaretur
1063 358 1101 392 et
1117 347 1321 393 triticum.
1351 347 1405 391 Et
1429 356 1568 392 tamen
1588 346 1718 392 etiam
1784 383 1795 392 .

341 423 425 485 ipsi
448 439 574 485 quem
597 420 780 473 dabant,
812 419 927 464 idem
965 420 1056 482 ipse
1090 417 1334 480 b·1ptisn1us
1357 428 1475 471 erat3
1503 418 1605 480 quia
1629 435 1718 463 non

340 494 554 556 ipsornm‚
579 490 651 535 sed
675 490 837 535 Christi
855 500 958 534 eiat.
986 489 1109 533 Sicut
1135 505 1233 547 ergo
1255 488 1342 541 isti,
1367 489 1564 550 quamtis
1587 488 1630 533 in
1660 488 1718 533 eis

344 562 508 607 Chiisti
529 561 673 623 baptis
658 577 770 604 mus
797 576 923 611 aonos
910 568 1069 610 cami,
1089 575 1174 602 non
1194 568 1292 601 sunt
1313 569 1453 602 tamen
1474 558 1658 603 excusati
1677 568 1718 604 et

343 632 504 678 defensi
521 631 672 676 illicita
694 628 914 681 facientes,
936 639 977 672 et
995 638 1108 672 recte
1126 626 1220 671 illos
1239 627 1438 672 Christus
1456 627 1719 673 adversarios

343 719 440 748 suos
458 700 667 764 appellat,
692 699 794 761 quia
810 699 855 743 in
870 698 1027 743 talibus
1048 708 1363 760 perseverantes
1378 698 1568 743 audituri
1590 709 1713 743 sunt:

346 793 365 814 ι(
393 771 598 816 Recedite
626 787 647 814 a
672 786 755 822 nie,
786 769 859 830 qui
877 768 1115 830 operamini
1134 767 1404 829 iniquitatem
1430 767 1472 821 4·;
1497 789 1516 808 »
1540 768 1654 812 unde
1677 779 1719 813 et

341 841 585 890 antichristi
613 838 904 901 appellantur,
925 837 1026 900 qnia
1048 837 1224 881 Christo
1245 837 1453 882 contrarii
1469 848 1585 893 sunt,
1612 836 1719 882 dum

342 924 493 960 contra
513 909 630 974 quod
657 908 860 971 praecipit
885 909 1054 959 vivunt,
1078 907 1135 951 ita
1159 917 1200 950 et
1222 906 1432 953 haeretici.

397 984 536 1028 XXX.
560 981 680 1026 Alius
697 979 954 1023 Saturninus
971 996 990 1023 a
1009 978 1157 1022 Tucca
1181 977 1286 1021 dixit
1303 995 1312 1021 ε
1332 1000 1351 1018 α
1368 977 1718 1041 Gentilesquam-

342 1054 405 1099 vis
430 1051 547 1097 idola
567 1049 738 1102 colant,
770 1059 910 1093 tamen
941 1064 1158 1092 summum
1187 1048 1325 1091 Deum
1353 1048 1525 1092 Patrem
1548 1059 1718 1093 creato-

342 1139 430 1168 rem
461 1129 729 1178 cognoscunt
762 1129 804 1162 et
833 1118 1107 1162 confitentur.
1148 1118 1198 1160 In
1223 1116 1343 1162 hunc
1374 1117 1571 1162 Marcion
1596 1117 1718 1162 blas-

344 1192 543 1255 phemat.
559 1199 600 1233 et
617 1186 795 1250 quidam
815 1203 901 1231 non
917 1187 1180 1231 erubescunt
1200 1186 1434 1231 Marcionis
1448 1182 1719 1250 baptismum

343 1261 543 1324 probare.
579 1256 816 1313 Quomodo
843 1256 947 1301 tales
971 1255 1211 1300 sacerdotes
1234 1256 1520 1301 sacerdotium
1544 1257 1620 1301 Dei
1647 1267 1720 1302 aut

345 1339 532 1383 servant,
557 1338 630 1372 aut
657 1326 911 1382 vindicant,
940 1327 1016 1389 qni
1034 1326 1177 1370 hostes
1202 1326 1280 1371 Dei
1298 1344 1385 1371 non
1411 1327 1650 1390 baptizant,
1678 1338 1720 1373 et

345 1400 404 1447 sic
421 1399 506 1444 illis
531 1398 874 1443 communicant.
900 1417 919 1437 ›)

406 1469 569 1515 XXXI.
611 1466 942 1529 Respondetur:
972 1466 1190 1511 Nimirum
1216 1482 1316 1511 cum
1344 1466 1443 1511 talia
1477 1468 1715 1525 dicuntur,

345 1540 564 1586 exceditur
588 1537 744 1583 modus
767 1574 776 1592 ‚
809 1536 1208 1582 nec‘consideratur
1245 1537 1347 1598 quia
1369 1548 1410 1581 et
1441 1537 1522 1599 ipsi
1560 1538 1719 1583 talibus

343 1608 745 1661 communicabant,
771 1627 788 1644 a
812 1606 1034 1650 Neminem
1062 1605 1327 1664 judicantes,
1358 1617 1434 1651 aut
1454 1611 1587 1666 ajure
1601 1625 1719 1653 com-

342 1679 564 1725 munionis
588 1677 773 1740 aliquem
807 1694 840 1720 s1
871 1676 1089 1720 diversum
1111 1677 1286 1720 senserit
1309 1688 1568 1724 amoventes.
1593 1702 1610 1719 n
1633 1679 1719 1724 Sed

343 1750 478 1796 habet
502 1751 580 1793 iste
603 1747 647 1791 in
675 1746 760 1791 hac
785 1746 878 1808 ipsa
903 1745 1108 1790 sententia
1131 1762 1204 1790 sua
1231 1745 1345 1790 unde
1371 1746 1593 1792 admoneri
1612 1765 1719 1811 pos-

346 1830 432 1874 set,
468 1819 500 1863 si
535 1816 797 1869 adverteret,
830 1815 874 1860 id
901 1815 945 1859 in
973 1832 1149 1877 quoque
1171 1816 1475 1875 corrigendum
1497 1835 1582 1863 esse
1599 1818 1719 1882 quod

343 1905 530 1952 pravum
545 1897 624 1941 est,
645 1886 762 1948 quod
776 1896 916 1930 autem
935 1896 1099 1930 rectum
1115 1896 1174 1930 est
1190 1887 1541 1949 approbandum.
1561 1890 1718 1945 Quan-

347 1959 583 2022 doquidem
606 1958 696 2002 ait:
725 1978 744 1997 α
775 1957 964 2001 Gentiles
987 1958 1185 2019 quamvis
1218 1959 1336 2004 idola
1365 1960 1541 2017 colant,
1574 1973 1719 2008 tamen

347 2046 565 2075 summum
588 2030 730 2072 Deum
760 2030 931 2071 Patrem
966 2037 1200 2071 creatorem
1234 2041 1500 2087 cognoscunt
1519 2042 1559 2076 et
1584 2034 1719 2078 confi-

347 2108 507 2145 tentur.
536 2119 555 2139 >³
588 2097 746 2159 Siquis
782 2113 879 2155 ergo
917 2095 970 2140 ad
1009 2097 1147 2140 Deum
1184 2097 1281 2142 talis
1315 2099 1483 2157 gentilis
1520 2102 1714 2158 veniret,

346 2170 563 2233 numquid
583 2168 709 2214 vellet
730 2169 773 2213 in
792 2185 840 2212 eo
866 2168 1077 2227 corrigere
1098 2179 1225 2231 atque
1244 2180 1427 2226 mutare,
1449 2173 1564 2235 quod
1578 2175 1718 2220 Deum

347 2243 519 2286 Patrem
551 2249 786 2284 creatorem
814 2239 1105 2283 confitebatur
1134 2249 1173 2284 et
1198 2243 1412 2286 noverat?
1441 2243 1538 2288 Non
1568 2255 1676 2306 puto
1701 2280 1712 2299 ‚

349 2311 419 2358 sed
441 2309 684 2356 emendaret
707 2308 811 2352 ineo
834 2307 1141 2357 idololatriam,
1169 2310 1288 2371 quod
1313 2311 1471 2355 malum
1492 2312 1712 2367 habebam

351 2392 392 2427 et
416 2379 603 2424 traderet
633 2389 897 2422 sacramenta
939 2377 1201 2431 christiana,
1229 2396 1327 2442 quae
1358 2397 1443 2425 non
1475 2381 1670 2428 habebat
1701 2400 1713 2428 ι

350 2462 391 2498 et
415 2451 445 2496 si
465 2449 571 2513 quid
597 2459 762 2493 rectum
789 2459 930 2493 nosset
950 2448 993 2492 in
1014 2466 1062 2493 eo
1081 2450 1362 2512 approbaret,
1389 2452 1421 2496 si
1450 2451 1558 2514 quid
1590 2453 1714 2499 inve-

346 2523 460 2568 niret
479 2533 729 2582 perversum
750 2517 997 2565 emendaret
1017 2554 1028 2575 ,
1066 2519 1099 2565 si
1124 2519 1232 2582 quid
1258 2519 1461 2567 defuisset
1479 2521 1613 2571 daret.
1639 2524 1712 2573 Sic

395 2604 404 2627 ²
426 2596 542 2635 Matih.
560 2611 617 2641 vn,
637 2601 693 2635 23.
