1894 3154
333 262 347 291 1
360 243 422 301 84
747 259 782 292 s.
826 257 1068 290 Aucusrim
1104 257 1309 289 EPISCOPI

325 321 475 373 sancto
494 325 725 390 repletum,
743 327 897 371 Petrus
916 325 1008 388 ipse
1025 324 1202 370 miratus
1216 334 1290 370 est.
1314 323 1450 369 Nemo
1472 340 1571 384 ergo
1590 324 1700 371 acci-

328 397 495 462 pitsine
507 396 662 442 dante:
687 396 759 442 sed
780 395 898 459 quod
917 395 1102 458 pertinet
1121 393 1174 439 acl
1185 394 1391 458 baptismi
1408 396 1698 451 sanctitatem,

329 467 448 513 adest
467 468 582 513 Deus
602 467 678 530 qui
705 466 793 521 det,
816 475 858 510 et
881 465 1015 510 homo
1035 464 1112 527 qui
1133 464 1338 527 accipiat,
1364 465 1450 510 sive
1477 482 1555 528 per
1572 483 1614 511 se
1629 465 1702 529 ip-

327 554 423 583 sum
446 537 635 583 donante
653 538 762 592 Deo,
791 536 878 581 sive
894 550 972 598 per
998 533 1211 594 Angelum
1226 570 1237 589 ‚
1265 533 1352 579 sive.
1376 552 1455 598 per
1478 535 1703 580 hominem

328 601 546 664 sanctum,
573 608 686 652 sicut
702 624 782 670 per
800 607 994 661 Petrum,
1019 605 1132 651 sicut
1155 622 1233 668 per
1259 608 1495 651 Joannem:
1524 607 1610 652 sive
1627 623 1706 669 per

327 678 550 724 hominem
575 678 795 741 iniquum,
814 677 927 724 sicut
944 693 1029 739 per
1044 687 1130 721 tam
1152 675 1312 721 multos
1330 677 1397 722 vel
1430 676 1608 723 latentes
1639 676 1707 722 vel

329 747 592 803 manifestos,
620 764 729 811 quos
747 757 845 792 ante
868 756 1039 809 tempus
1061 745 1114 790 (10
1133 762 1264 791 1110550
1286 745 1485 812 colligere
1498 747 1606 792 servi
1621 763 1706 809 pa-

331 817 611 863 tris-familias
631 817 924 881 prohibentur
941 853 951 873 ‚
979 827 1021 862 et
1047 832 1155 879 quos
1173 815 1473 879 velutpaleam
1492 816 1707 862 frumenta

332 888 562 934 Dominica
601 905 736 952 usque
762 888 816 934 ad
843 899 1016 951 tempus
1053 887 1343 934 ventilationis
1378 888 1510 934 corde
1533 889 1708 934 interim

331 959 516 1022 separati
535 976 623 1005 non
642 959 880 1006 temeritate
899 958 1184 1023 corporaliter
1204 957 1428 1015 deserunt,
1456 958 1528 1005 sed
1549 959 1710 1023 pietate

333 1029 583 1092 spiritaliter
601 1029 760 1076 ferunt.

398 1099 578 1146 XXXV.
609 1120 629 1140 c<
652 1099 766 1156 Qui,
803 1099 973 1163 inquit,
1011 1099 1122 1145 male
1145 1099 1353 1152 credidit,
1381 1099 1586 1164 consequi
1625 1117 1713 1145 non

334 1180 478 1234 potest
502 1169 712 1233 baptismi
733 1181 1075 1226 sacramentum3
1098 1172 1201 1234 quia
1220 1171 1432 1233 scriptum
1456 1182 1517 1216 est
1538 1189 1548 1216 :
1576 1192 1595 1212 α
1615 1172 1715 1216 Per-

338 1262 359 1282 »
381 1257 551 1287 versum
574 1258 664 1286 non
686 1251 809 1303 potes
831 1240 1043 1286 adornare
1065 1240 1100 1287 1.
1131 1263 1150 1282 »
1176 1240 1295 1298 Quid
1325 1242 1359 1286 si
1385 1259 1484 1301 ergo
1509 1241 1626 1305 apud
1647 1258 1717 1287 005

339 1310 557 1374 quispiam
581 1311 829 1374 baptizatus
864 1310 1018 1368 fuerit,
1047 1311 1122 1374 qui
1146 1322 1391 1374 putaverat,
1416 1312 1538 1358 verbi
1562 1312 1714 1372 gratia,

343 1379 570 1426 Christum
583 1397 692 1426 exeo
717 1398 801 1426 esse
821 1382 1022 1444 coepisse,
1047 1399 1094 1426 ex
1112 1399 1200 1446 quo
1217 1382 1456 1428 secundum
1475 1399 1646 1428 carnem
1667 1381 1720 1427 de

339 1449 505 1509 virgine
545 1450 683 1496 Maria
705 1461 832 1496 natus
855 1462 946 1505 051;
974 1462 1122 1514 postea
1146 1451 1335 1498 veritatis
1370 1469 1565 1497 sermone
1595 1470 1716 1498 com-

341 1520 550 1576 monitus,
573 1537 673 1566 cum
694 1522 973 1584 comperisset
992 1522 1137 1585 ipsum
1159 1540 1242 1567 csse
1257 1522 1310 1568 de
1324 1539 1410 1585 quo
1425 1523 1614 1568 Joanncs
1631 1523 1688 1568 ait
1707 1540 1718 1567 ε

343 1610 364 1631 a
385 1590 438 1634 In
457 1589 678 1653 principio
696 1601 787 1636 erat
804 1591 1015 1647 Verbum,
1039 1603 1080 1637 et
1098 1592 1291 1637 Verbum
1310 1603 1399 1637 crat
1421 1592 1540 1656 apud
1558 1594 1697 1638 Deum
1709 1629 1718 1647 ‚

345 1681 366 1701 »
385 1670 429 1705 et
442 1660 556 1706 Deus
569 1671 660 1706 erat
678 1660 899 1706 Verbumf’·
916 1681 927 1715 ;
950 1683 970 1703 ›>
990 1661 1043 1707 de
1058 1679 1144 1725 quo
1166 1673 1478 1726 consequenter
1494 1663 1576 1708 ait:
1591 1684 1609 1703 α
1624 1663 1725 1708 Ver-

344 1751 366 1772 »
384 1731 492 1776 bum
515 1748 616 1777 caro
638 1732 803 1778 factum
822 1743 900 1789 051,
922 1743 963 1778 01
982 1733 1200 1779 habitavit
1225 1734 1268 1779 111
1288 1734 1414 1780 nobis
1441 1752 1451 1779 ε
1480 1756 1500 1776 »
1519 1733 1726 1779 fateretur

345 1802 404 1847 eis
441 1818 566 1848 suum
592 1803 827 1866 pristinum
853 1820 1035 1849 errorem
1053 1842 1064 1861 ,
1093 1816 1221 1868 atque
1246 1805 1290 1850 111
1325 1822 1374 1850 00
1400 1822 1441 1850 50
1472 1804 1600 1851 fuisse
1625 1821 1725 1850 cum

345 1871 643 1933 baptizaretur
659 1873 1105 1930 sollicitusiudicaret‚
1124 1875 1329 1934 juberent
1343 1892 1440 1920 eum
1454 1875 1597 1920 denuo
1617 1875 1729 1939 bap-

347 1941 494 1987 tizari?
516 1942 753 2005 Nunquam
775 1944 924 2006 utique
942 1943 1132 1990 facerent
1150 1963 1160 1989 :
1186 1944 1258 1989 scd
1273 1945 1462 1990 hominis
1479 1945 1725 2008 imperitam

347 2011 673 2074 simplicitatem
686 2013 850 2058 carnali
870 2014 1074 2077 opinione
1090 2016 1210 2077 priUs
1222 2014 1521 2077 depravatam,
1540 2015 1730 2060 veritatis

347 2081 513 2126 ratione
527 2093 763 2127 correctam
778 2083 1100 2143 gratularentur
1121 2102 1131 2130 :
1157 2095 1230 2129 aut
1246 2085 1276 2129 si
1297 2085 1424 2129 etiam
1441 2084 1536 2129 talis
1553 2101 1730 2147 perver-

347 2150 448 2196 sitas
461 2151 736 2213 pertinaciter
753 2152 791 2197 ei
810 2152 1079 2199 defendenda
1098 2154 1334 2210 videretur,
1353 2165 1393 2199 01
1408 2154 1482 2202 diu
1498 2155 1731 2202 reluctatus

331 2237 487 2282 fineque
513 2232 755 2278 correctus,
790 2222 918 2268 etiam
952 2223 1005 2269 de
1030 2224 1206 2269 ecclesia
1230 2225 1485 2287 pelleretur,
1515 2235 1557 2270 01
1583 2236 1731 2288 postea

348 2290 522 2349 cognita
549 2291 726 2336 veritate
749 2304 979 2348 remearet,
1006 2295 1265 2357 poenitentia
1302 2296 1450 2358 utique
1487 2295 1730 2341 curandum

347 2376 433 2404 esse
457 2372 694 2418 censerent,
714 2379 801 2407 non
828 2362 1051 2409 iteratione
1081 2365 1354 2427 baptismatis
1375 2366 1693 2412 vulnerandum
1719 2386 1730 2418 ;

348 2431 650 2491 quamvishoc
666 2433 709 2477 in
733 2431 864 2477 corde
884 2450 924 2478 se
942 2433 1144 2479 habuisse
1160 2434 1364 2480 fateretur
1386 2437 1513 2480 etiam
1533 2436 1607 2481 illo
1630 2447 1733 2481 tem-

355 2516 465 2562 pore
488 2517 574 2563 quo
601 2501 719 2565 apud
743 2502 860 2566 ipsos
898 2503 1039 2550 suerat
1063 2505 1323 2568 baptizatus,
1357 2507 1611 2553 Pei—versum
1636 2523 1736 2567 ergo

395 2583 528 2618 ‘Ecclrn
553 2595 578 2621 1,
604 2587 654 2623 15,
669 2587 758 2627 juxta
773 2597 848 2620 mx.
868 2586 940 2611 ...2
957 2590 1104 2632 Joan.1‚
1127 2600 1152 2622 1.
