<?xml version="1.0" encoding="UTF-8"?>
<!DOCTYPE html PUBLIC "-//W3C//DTD XHTML 1.0 Transitional//EN"
    "http://www.w3.org/TR/xhtml1/DTD/xhtml1-transitional.dtd">
<html xmlns="http://www.w3.org/1999/xhtml" xml:lang="en" lang="en">
 <head>
  <title>
</title>
<meta http-equiv="Content-Type" content="text/html;charset=utf-8" />
  <meta name='ocr-system' content='tesseract 3.04.00' />
  <meta name='ocr-capabilities' content='ocr_page ocr_carea ocr_par ocr_line ocrx_word'/>
</head>
<body>
  <div class='ocr_page' id='page_1' title='image "./operaomniaaccura31auguuoft_0229.png"; bbox 0 0 1894 3154; ppageno 0'>
   <div class='ocr_carea' id='block_1_1' title="bbox 0 420 39 3154">
    <p class='ocr_par' dir='ltr' id='par_1_1' title="bbox 0 420 39 3154">
     <span class='ocr_line' id='line_1_1' title="bbox 0 420 39 3154; baseline 0 0"><span class='ocrx_word' id='word_1_1' title='bbox 0 420 39 3154; x_wconf 95' lang='lat' dir='ltr'> </span> 
     </span>
    </p>
   </div>
   <div class='ocr_carea' id='block_1_2' title="bbox 299 251 1523 302">
    <p class='ocr_par' dir='ltr' id='par_1_2' title="bbox 299 251 1523 302">
     <span class='ocr_line' id='line_1_2' title="bbox 299 251 1523 302; baseline 0.003 -20"><span class='ocrx_word' id='word_1_2' title='bbox 299 252 473 284; x_wconf 80' lang='lat' dir='ltr'><strong>CONTRA</strong></span> <span class='ocrx_word' id='word_1_3' title='bbox 508 251 750 283; x_wconf 77' lang='lat' dir='ltr'><strong>EPISTOLAM</strong></span> <span class='ocrx_word' id='word_1_4' title='bbox 786 251 1087 295; x_wconf 70' lang='lat' dir='ltr'><strong>PARMENIANI,</strong></span> <span class='ocrx_word' id='word_1_5' title='bbox 1125 254 1212 285; x_wconf 85' lang='lat' dir='ltr'><strong>LIB.</strong></span> <span class='ocrx_word' id='word_1_6' title='bbox 1256 255 1325 286; x_wconf 84' lang='lat'>111.</span> <span class='ocrx_word' id='word_1_7' title='bbox 1432 254 1523 302; x_wconf 76' lang='lat'>219</span> 
     </span>
    </p>
   </div>
   <div class='ocr_carea' id='block_1_3' title="bbox 149 316 1534 2665">
    <p class='ocr_par' dir='ltr' id='par_1_3' title="bbox 151 316 1526 434">
     <span class='ocr_line' id='line_1_3' title="bbox 151 316 1526 384; baseline 0.004 -22"><span class='ocrx_word' id='word_1_8' title='bbox 151 316 393 380; x_wconf 85' lang='lat' dir='ltr'>inexpertos</span> <span class='ocrx_word' id='word_1_9' title='bbox 426 327 468 362; x_wconf 91' lang='lat' dir='ltr'>et</span> <span class='ocrx_word' id='word_1_10' title='bbox 498 317 739 376; x_wconf 86' lang='lat' dir='ltr'>incognitos</span> <span class='ocrx_word' id='word_1_11' title='bbox 763 317 934 376; x_wconf 86' lang='lat' dir='ltr'>cogitur</span> <span class='ocrx_word' id='word_1_12' title='bbox 967 334 1190 372; x_wconf 86' lang='lat' dir='ltr'>accusare,</span> <span class='ocrx_word' id='word_1_13' title='bbox 1221 318 1327 364; x_wconf 90' lang='lat' dir='ltr'>dum</span> <span class='ocrx_word' id='word_1_14' title='bbox 1352 336 1526 384; x_wconf 84' lang='lat' dir='ltr'>separa—</span> 
     </span>
     <span class='ocr_line' id='line_1_4' title="bbox 152 387 925 434; baseline 0.003 -2"><span class='ocrx_word' id='word_1_15' title='bbox 152 387 310 434; x_wconf 82' lang='lat' dir='ltr'>tionem</span> <span class='ocrx_word' id='word_1_16' title='bbox 334 405 455 433; x_wconf 89' lang='lat' dir='ltr'>suam</span> <span class='ocrx_word' id='word_1_17' title='bbox 479 398 662 433; x_wconf 87' lang='lat' dir='ltr'>conatur</span> <span class='ocrx_word' id='word_1_18' title='bbox 684 387 925 434; x_wconf 83' lang='lat' dir='ltr'><strong>defendere.</strong></span> 
     </span>
    </p>

    <p class='ocr_par' dir='ltr' id='par_1_4' title="bbox 149 456 1534 2610">
     <span class='ocr_line' id='line_1_5' title="bbox 214 456 1521 520; baseline 0.001 -17"><span class='ocrx_word' id='word_1_19' title='bbox 214 458 335 504; x_wconf 64' lang='lat' dir='ltr'>XXI.</span> <span class='ocrx_word' id='word_1_20' title='bbox 361 457 446 502; x_wconf 86' lang='lat' dir='ltr'>Sed</span> <span class='ocrx_word' id='word_1_21' title='bbox 464 457 533 502; x_wconf 90' lang='lat' dir='ltr'>isti</span> <span class='ocrx_word' id='word_1_22' title='bbox 558 456 848 520; x_wconf 83' lang='lat' dir='ltr'>respondeant</span> <span class='ocrx_word' id='word_1_23' title='bbox 870 475 880 502; x_wconf 91' lang='lat'><strong>:</strong></span> <span class='ocrx_word' id='word_1_24' title='bbox 906 458 951 504; x_wconf 89' lang='lat' dir='ltr'>Si</span> <span class='ocrx_word' id='word_1_25' title='bbox 975 458 1165 505; x_wconf 91' lang='lat' dir='ltr'>mundus</span> <span class='ocrx_word' id='word_1_26' title='bbox 1183 468 1245 505; x_wconf 87' lang='lat' dir='ltr'>est</span> <span class='ocrx_word' id='word_1_27' title='bbox 1264 457 1521 515; x_wconf 83' lang='lat' dir='ltr'>Felicianus‚</span> 
     </span>
     <span class='ocr_line' id='line_1_6' title="bbox 150 525 1521 584; baseline 0 -11"><span class='ocrx_word' id='word_1_28' title='bbox 150 544 231 574; x_wconf 91' lang='lat' dir='ltr'>cur</span> <span class='ocrx_word' id='word_1_29' title='bbox 247 527 346 572; x_wconf 80' lang='lat' dir='ltr'>exiit</span> <span class='ocrx_word' id='word_1_30' title='bbox 365 526 419 572; x_wconf 89' lang='lat' dir='ltr'>de</span> <span class='ocrx_word' id='word_1_31' title='bbox 441 526 583 572; x_wconf 88' lang='lat' dir='ltr'>medio</span> <span class='ocrx_word' id='word_1_32' title='bbox 606 529 789 572; x_wconf 65' lang='lat' dir='ltr'>eorum?</span> <span class='ocrx_word' id='word_1_33' title='bbox 812 525 855 571; x_wconf 85' lang='lat' dir='ltr'>Si</span> <span class='ocrx_word' id='word_1_34' title='bbox 874 545 973 574; x_wconf 83' lang='lat' dir='ltr'>vero</span> <span class='ocrx_word' id='word_1_35' title='bbox 990 529 1244 574; x_wconf 89' lang='lat' dir='ltr'>immundus</span> <span class='ocrx_word' id='word_1_36' title='bbox 1261 566 1271 584; x_wconf 82' lang='lat'>‚</span> <span class='ocrx_word' id='word_1_37' title='bbox 1294 528 1521 573; x_wconf 67' lang='lat' dir='ltr'>cur‘modo</span> 
     </span>
     <span class='ocr_line' id='line_1_7' title="bbox 149 596 1526 655; baseline 0.001 -14"><span class='ocrx_word' id='word_1_38' title='bbox 149 596 287 655; x_wconf 83' lang='lat' dir='ltr'>tangit</span> <span class='ocrx_word' id='word_1_39' title='bbox 306 596 552 642; x_wconf 70' lang='lat' dir='ltr'>mundum?</span> <span class='ocrx_word' id='word_1_40' title='bbox 579 596 711 653; x_wconf 87' lang='lat' dir='ltr'>Quod</span> <span class='ocrx_word' id='word_1_41' title='bbox 735 597 769 641; x_wconf 93' lang='lat' dir='ltr'>si</span> <span class='ocrx_word' id='word_1_42' title='bbox 786 607 891 642; x_wconf 90' lang='lat' dir='ltr'>tunc</span> <span class='ocrx_word' id='word_1_43' title='bbox 914 598 1166 644; x_wconf 85' lang='lat' dir='ltr'>immundus</span> <span class='ocrx_word' id='word_1_44' title='bbox 1187 598 1274 643; x_wconf 81' lang='lat' dir='ltr'>fuit</span> <span class='ocrx_word' id='word_1_45' title='bbox 1299 614 1399 643; x_wconf 93' lang='lat' dir='ltr'>cum</span> <span class='ocrx_word' id='word_1_46' title='bbox 1421 597 1526 643; x_wconf 86' lang='lat' dir='ltr'>foris</span> 
     </span>
     <span class='ocr_line' id='line_1_8' title="bbox 151 667 1526 731; baseline 0 -19"><span class='ocrx_word' id='word_1_47' title='bbox 151 677 428 729; x_wconf 76' lang='lat' dir='ltr'>esset‚&#39;quos</span> <span class='ocrx_word' id='word_1_48' title='bbox 462 667 552 712; x_wconf 89' lang='lat' dir='ltr'>illic</span> <span class='ocrx_word' id='word_1_49' title='bbox 579 667 848 729; x_wconf 84' lang='lat' dir='ltr'>baptizavit,</span> <span class='ocrx_word' id='word_1_50' title='bbox 884 667 1103 714; x_wconf 88' lang='lat' dir='ltr'><strong>immundi</strong></span> <span class='ocrx_word' id='word_1_51' title='bbox 1134 679 1259 724; x_wconf 88' lang='lat' dir='ltr'>sunt,</span> <span class='ocrx_word' id='word_1_52' title='bbox 1300 667 1404 731; x_wconf 86' lang='lat' dir='ltr'>quia</span> <span class='ocrx_word' id='word_1_53' title='bbox 1438 667 1526 712; x_wconf 90' lang='lat' dir='ltr'>im-</span> 
     </span>
     <span class='ocr_line' id='line_1_9' title="bbox 149 736 1526 796; baseline 0.001 -15"><span class='ocrx_word' id='word_1_54' title='bbox 149 736 364 782; x_wconf 88' lang='lat' dir='ltr'>mundum</span> <span class='ocrx_word' id='word_1_55' title='bbox 390 737 635 796; x_wconf 82' lang='lat' dir='ltr'>tetigerunt.</span> <span class='ocrx_word' id='word_1_56' title='bbox 668 738 735 782; x_wconf 91' lang='lat' dir='ltr'>An</span> <span class='ocrx_word' id='word_1_57' title='bbox 753 754 900 783; x_wconf 88' lang='lat' dir='ltr'>omnes</span> <span class='ocrx_word' id='word_1_58' title='bbox 920 755 1023 784; x_wconf 90' lang='lat' dir='ltr'>cum</span> <span class='ocrx_word' id='word_1_59' title='bbox 1041 738 1116 784; x_wconf 89' lang='lat' dir='ltr'>illo</span> <span class='ocrx_word' id='word_1_60' title='bbox 1141 737 1373 784; x_wconf 88' lang='lat' dir='ltr'>remeando</span> <span class='ocrx_word' id='word_1_61' title='bbox 1394 754 1526 782; x_wconf 90' lang='lat' dir='ltr'>mun-</span> 
     </span>
     <span class='ocr_line' id='line_1_10' title="bbox 150 805 1526 870; baseline 0.001 -19"><span class='ocrx_word' id='word_1_62' title='bbox 150 805 240 851; x_wconf 86' lang='lat' dir='ltr'>dati</span> <span class='ocrx_word' id='word_1_63' title='bbox 276 809 408 852; x_wconf 69' lang='lat' dir='ltr'>sunt?</span> <span class='ocrx_word' id='word_1_64' title='bbox 445 809 627 851; x_wconf 82' lang='lat' dir='ltr'><strong>Possunt</strong></span> <span class='ocrx_word' id='word_1_65' title='bbox 664 823 762 866; x_wconf 85' lang='lat' dir='ltr'>ergo</span> <span class='ocrx_word' id='word_1_66' title='bbox 798 807 869 852; x_wconf 85' lang='lat' dir='ltr'>isti</span> <span class='ocrx_word' id='word_1_67' title='bbox 906 808 1110 853; x_wconf 88' lang='lat' dir='ltr'>mundari</span> <span class='ocrx_word' id='word_1_68' title='bbox 1151 807 1253 853; x_wconf 88' lang='lat' dir='ltr'>foris</span> <span class='ocrx_word' id='word_1_69' title='bbox 1290 807 1526 870; x_wconf 84' lang='lat' dir='ltr'>baptizati,</span> 
     </span>
     <span class='ocr_line' id='line_1_11' title="bbox 152 876 1526 939; baseline -0.001 -18"><span class='ocrx_word' id='word_1_70' title='bbox 152 892 260 938; x_wconf 89' lang='lat' dir='ltr'>quos</span> <span class='ocrx_word' id='word_1_71' title='bbox 277 876 323 921; x_wconf 89' lang='lat' dir='ltr'>in</span> <span class='ocrx_word' id='word_1_72' title='bbox 345 892 420 922; x_wconf 84' lang='lat' dir='ltr'>sua</span> <span class='ocrx_word' id='word_1_73' title='bbox 448 876 754 922; x_wconf 87' lang='lat' dir='ltr'>commuuione</span> <span class='ocrx_word' id='word_1_74' title='bbox 781 893 868 921; x_wconf 90' lang='lat' dir='ltr'>non</span> <span class='ocrx_word' id='word_1_75' title='bbox 899 877 1267 939; x_wconf 72' lang='lat' dir='ltr'>baptizaverunt?</span> <span class='ocrx_word' id='word_1_76' title='bbox 1304 878 1396 922; x_wconf 89' lang='lat' dir='ltr'>Cur</span> <span class='ocrx_word' id='word_1_77' title='bbox 1427 892 1526 935; x_wconf 84' lang='lat' dir='ltr'>ergo</span> 
     </span>
     <span class='ocr_line' id='line_1_12' title="bbox 153 945 1529 1009; baseline 0 -19"><span class='ocrx_word' id='word_1_78' title='bbox 153 946 258 991; x_wconf 89' lang='lat' dir='ltr'>alios</span> <span class='ocrx_word' id='word_1_79' title='bbox 287 945 622 1009; x_wconf 72' lang='lat' dir='ltr'>rebaptizanth</span> <span class='ocrx_word' id='word_1_80' title='bbox 659 948 726 992; x_wconf 88' lang='lat' dir='ltr'>An</span> <span class='ocrx_word' id='word_1_81' title='bbox 763 963 786 991; x_wconf 85' lang='lat' dir='ltr'>a</span> <span class='ocrx_word' id='word_1_82' title='bbox 820 947 1018 992; x_wconf 79' lang='lat' dir='ltr'><strong>trecentis</strong></span> <span class='ocrx_word' id='word_1_83' title='bbox 1051 947 1201 992; x_wconf 88' lang='lat' dir='ltr'>decem</span> <span class='ocrx_word' id='word_1_84' title='bbox 1226 952 1358 1006; x_wconf 81' lang='lat' dir='ltr'>Bagai</span> <span class='ocrx_word' id='word_1_85' title='bbox 1384 945 1529 991; x_wconf 87' lang='lat' dir='ltr'>consi-</span> 
     </span>
     <span class='ocr_line' id='line_1_13' title="bbox 151 1015 1530 1079; baseline 0 -18"><span class='ocrx_word' id='word_1_86' title='bbox 151 1015 354 1061; x_wconf 84' lang='lat' dir='ltr'><strong>dentibus</strong></span> <span class='ocrx_word' id='word_1_87' title='bbox 391 1016 591 1062; x_wconf 86' lang='lat' dir='ltr'>damnari</span> <span class='ocrx_word' id='word_1_88' title='bbox 621 1016 765 1079; x_wconf 84' lang='lat' dir='ltr'>aliqua</span> <span class='ocrx_word' id='word_1_89' title='bbox 796 1016 906 1062; x_wconf 90' lang='lat' dir='ltr'>forte</span> <span class='ocrx_word' id='word_1_90' title='bbox 932 1017 1127 1076; x_wconf 84' lang='lat' dir='ltr'>dignatio</span> <span class='ocrx_word' id='word_1_91' title='bbox 1158 1028 1245 1071; x_wconf 82' lang='lat' dir='ltr'>est3</span> <span class='ocrx_word' id='word_1_92' title='bbox 1281 1027 1323 1062; x_wconf 90' lang='lat' dir='ltr'>et</span> <span class='ocrx_word' id='word_1_93' title='bbox 1353 1016 1452 1062; x_wconf 87' lang='lat' dir='ltr'>ideo</span> <span class='ocrx_word' id='word_1_94' title='bbox 1476 1015 1530 1061; x_wconf 89' lang='lat' dir='ltr'>de</span> 
     </span>
     <span class='ocr_line' id='line_1_14' title="bbox 153 1085 1529 1149; baseline -0.001 -18"><span class='ocrx_word' id='word_1_95' title='bbox 153 1096 243 1131; x_wconf 86' lang='lat' dir='ltr'>toto</span> <span class='ocrx_word' id='word_1_96' title='bbox 261 1086 367 1131; x_wconf 88' lang='lat' dir='ltr'>orbe</span> <span class='ocrx_word' id='word_1_97' title='bbox 387 1085 582 1148; x_wconf 86' lang='lat' dir='ltr'>quisquis</span> <span class='ocrx_word' id='word_1_98' title='bbox 609 1085 664 1130; x_wconf 85' lang='lat' dir='ltr'>ad</span> <span class='ocrx_word' id='word_1_99' title='bbox 681 1102 751 1130; x_wconf 85' lang='lat' dir='ltr'>eos</span> <span class='ocrx_word' id='word_1_100' title='bbox 774 1087 940 1131; x_wconf 89' lang='lat' dir='ltr'>venerit</span> <span class='ocrx_word' id='word_1_101' title='bbox 965 1087 1264 1149; x_wconf 77' lang='lat' dir='ltr'><strong>rebaptizatur</strong></span> <span class='ocrx_word' id='word_1_102' title='bbox 1283 1124 1293 1142; x_wconf 89' lang='lat'>‚</span> <span class='ocrx_word' id='word_1_103' title='bbox 1315 1086 1418 1149; x_wconf 85' lang='lat' dir='ltr'>quia</span> <span class='ocrx_word' id='word_1_104' title='bbox 1439 1102 1529 1130; x_wconf 91' lang='lat' dir='ltr'>non</span> 
     </span>
     <span class='ocr_line' id='line_1_15' title="bbox 151 1155 1528 1217; baseline -0.001 -15"><span class='ocrx_word' id='word_1_105' title='bbox 151 1156 308 1202; x_wconf 90' lang='lat' dir='ltr'>meruit</span> <span class='ocrx_word' id='word_1_106' title='bbox 326 1166 441 1201; x_wconf 90' lang='lat' dir='ltr'>totus</span> <span class='ocrx_word' id='word_1_107' title='bbox 459 1156 576 1201; x_wconf 87' lang='lat' dir='ltr'>orbis</span> <span class='ocrx_word' id='word_1_108' title='bbox 595 1157 720 1201; x_wconf 88' lang='lat' dir='ltr'>istam</span> <span class='ocrx_word' id='word_1_109' title='bbox 735 1156 1028 1215; x_wconf 84' lang='lat' dir='ltr'>dignationem</span> <span class='ocrx_word' id='word_1_110' title='bbox 1042 1194 1052 1212; x_wconf 77' lang='lat'><strong><em>‚</em></strong></span> <span class='ocrx_word' id='word_1_111' title='bbox 1073 1167 1123 1202; x_wconf 86' lang='lat' dir='ltr'>ut</span> <span class='ocrx_word' id='word_1_112' title='bbox 1141 1175 1163 1202; x_wconf 85' lang='lat' dir='ltr'>a</span> <span class='ocrx_word' id='word_1_113' title='bbox 1182 1155 1410 1217; x_wconf 61' lang='lat' dir='ltr'>Bagatensi</span> <span class='ocrx_word' id='word_1_114' title='bbox 1427 1172 1528 1201; x_wconf 84' lang='lat' dir='ltr'>con·</span> 
     </span>
     <span class='ocr_line' id='line_1_16' title="bbox 152 1225 1528 1286; baseline -0.001 -15"><span class='ocrx_word' id='word_1_115' title='bbox 152 1226 252 1272; x_wconf 89' lang='lat' dir='ltr'>cilio</span> <span class='ocrx_word' id='word_1_116' title='bbox 276 1225 585 1271; x_wconf 67' lang='lat' dir='ltr'>damnaretur?</span> <span class='ocrx_word' id='word_1_117' title='bbox 627 1226 748 1282; x_wconf 86' lang='lat' dir='ltr'>Quid</span> <span class='ocrx_word' id='word_1_118' title='bbox 773 1244 872 1286; x_wconf 84' lang='lat' dir='ltr'>ergo</span> <span class='ocrx_word' id='word_1_119' title='bbox 905 1244 928 1271; x_wconf 87' lang='lat' dir='ltr'>a</span> <span class='ocrx_word' id='word_1_120' title='bbox 955 1227 1217 1272; x_wconf 81' lang='lat' dir='ltr'>Maximiano</span> <span class='ocrx_word' id='word_1_121' title='bbox 1249 1237 1289 1272; x_wconf 89' lang='lat' dir='ltr'>et</span> <span class='ocrx_word' id='word_1_122' title='bbox 1316 1244 1338 1271; x_wconf 89' lang='lat' dir='ltr'>a</span> <span class='ocrx_word' id='word_1_123' title='bbox 1363 1225 1528 1271; x_wconf 88' lang='lat' dir='ltr'>caeteris</span> 
     </span>
     <span class='ocr_line' id='line_1_17' title="bbox 151 1294 1528 1354; baseline 0 -14"><span class='ocrx_word' id='word_1_124' title='bbox 151 1295 276 1340; x_wconf 90' lang='lat' dir='ltr'>sociis</span> <span class='ocrx_word' id='word_1_125' title='bbox 299 1298 390 1354; x_wconf 86' lang='lat' dir='ltr'>ejus</span> <span class='ocrx_word' id='word_1_126' title='bbox 422 1295 477 1340; x_wconf 82' lang='lat' dir='ltr'>ad</span> <span class='ocrx_word' id='word_1_127' title='bbox 511 1294 722 1340; x_wconf 82' lang='lat' dir='ltr'>Primiani</span> <span class='ocrx_word' id='word_1_128' title='bbox 750 1296 1102 1340; x_wconf 85' lang='lat' dir='ltr'>communionem</span> <span class='ocrx_word' id='word_1_129' title='bbox 1135 1313 1222 1341; x_wconf 91' lang='lat' dir='ltr'>non</span> <span class='ocrx_word' id='word_1_130' title='bbox 1248 1295 1528 1341; x_wconf 82' lang='lat' dir='ltr'>redeuntibus</span> 
     </span>
     <span class='ocr_line' id='line_1_18' title="bbox 152 1364 1528 1428; baseline 0.001 -18"><span class='ocrx_word' id='word_1_131' title='bbox 152 1365 419 1428; x_wconf 88' lang='lat' dir='ltr'>quicumque</span> <span class='ocrx_word' id='word_1_132' title='bbox 434 1365 645 1428; x_wconf 88' lang='lat' dir='ltr'>baptizati</span> <span class='ocrx_word' id='word_1_133' title='bbox 662 1364 825 1411; x_wconf 89' lang='lat' dir='ltr'>fuerint</span> <span class='ocrx_word' id='word_1_134' title='bbox 842 1403 852 1421; x_wconf 88' lang='lat'>‚</span> <span class='ocrx_word' id='word_1_135' title='bbox 879 1367 1234 1428; x_wconf 84' lang='lat' dir='ltr'>rebaptizantur3</span> <span class='ocrx_word' id='word_1_136' title='bbox 1260 1384 1313 1411; x_wconf 90' lang='lat' dir='ltr'>an</span> <span class='ocrx_word' id='word_1_137' title='bbox 1331 1366 1528 1428; x_wconf 86' lang='lat' dir='ltr'>parcitur</span> 
     </span>
     <span class='ocr_line' id='line_1_19' title="bbox 151 1435 1528 1497; baseline -0.001 -16"><span class='ocrx_word' id='word_1_138' title='bbox 151 1436 235 1481; x_wconf 76' lang='lat' dir='ltr'>eis?</span> <span class='ocrx_word' id='word_1_139' title='bbox 261 1435 306 1480; x_wconf 92' lang='lat' dir='ltr'>Si</span> <span class='ocrx_word' id='word_1_140' title='bbox 327 1435 679 1497; x_wconf 66' lang='lat' dir='ltr'>rebaptizantur,</span> <span class='ocrx_word' id='word_1_141' title='bbox 716 1435 905 1481; x_wconf 84' lang='lat' dir='ltr'>violatur</span> <span class='ocrx_word' id='word_1_142' title='bbox 938 1435 1132 1494; x_wconf 83' lang='lat' dir='ltr'>dignatio</span> <span class='ocrx_word' id='word_1_143' title='bbox 1168 1435 1442 1495; x_wconf 63' lang='lat' dir='ltr'>Bagatensis:</span> <span class='ocrx_word' id='word_1_144' title='bbox 1482 1435 1528 1480; x_wconf 90' lang='lat' dir='ltr'>in</span> 
     </span>
     <span class='ocr_line' id='line_1_20' title="bbox 151 1505 1524 1568; baseline 0 -18"><span class='ocrx_word' id='word_1_145' title='bbox 151 1523 198 1550; x_wconf 89' lang='lat' dir='ltr'>ea</span> <span class='ocrx_word' id='word_1_146' title='bbox 218 1506 383 1568; x_wconf 70' lang='lat' dir='ltr'>quippe</span> <span class='ocrx_word' id='word_1_147' title='bbox 404 1505 534 1550; x_wconf 87' lang='lat' dir='ltr'>etiam</span> <span class='ocrx_word' id='word_1_148' title='bbox 567 1505 749 1550; x_wconf 87' lang='lat' dir='ltr'>istorum</span> <span class='ocrx_word' id='word_1_149' title='bbox 780 1506 1072 1568; x_wconf 83' lang='lat' dir='ltr'>baptizatores</span> <span class='ocrx_word' id='word_1_150' title='bbox 1100 1506 1294 1551; x_wconf 87' lang='lat' dir='ltr'>damnati</span> <span class='ocrx_word' id='word_1_151' title='bbox 1330 1515 1444 1551; x_wconf 88' lang='lat' dir='ltr'>sunt.</span> <span class='ocrx_word' id='word_1_152' title='bbox 1479 1505 1524 1550; x_wconf 91' lang='lat' dir='ltr'>Si</span> 
     </span>
     <span class='ocr_line' id='line_1_21' title="bbox 153 1574 1528 1637; baseline 0 -17"><span class='ocrx_word' id='word_1_153' title='bbox 153 1586 294 1620; x_wconf 90' lang='lat' dir='ltr'>autem</span> <span class='ocrx_word' id='word_1_154' title='bbox 319 1575 518 1637; x_wconf 82' lang='lat' dir='ltr'>parcitur</span> <span class='ocrx_word' id='word_1_155' title='bbox 536 1575 618 1630; x_wconf 82' lang='lat' dir='ltr'>eis,</span> <span class='ocrx_word' id='word_1_156' title='bbox 643 1574 826 1634; x_wconf 79' lang='lat' dir='ltr'>rogandi</span> <span class='ocrx_word' id='word_1_157' title='bbox 845 1585 945 1620; x_wconf 88' lang='lat' dir='ltr'>sunt</span> <span class='ocrx_word' id='word_1_158' title='bbox 961 1574 1054 1629; x_wconf 83' lang='lat' dir='ltr'>isti,</span> <span class='ocrx_word' id='word_1_159' title='bbox 1089 1586 1138 1620; x_wconf 88' lang='lat' dir='ltr'>ut</span> <span class='ocrx_word' id='word_1_160' title='bbox 1165 1592 1335 1620; x_wconf 87' lang='lat' dir='ltr'>rursum</span> <span class='ocrx_word' id='word_1_161' title='bbox 1361 1574 1415 1619; x_wconf 86' lang='lat' dir='ltr'>ad</span> <span class='ocrx_word' id='word_1_162' title='bbox 1442 1591 1528 1637; x_wconf 89' lang='lat' dir='ltr'>op-</span> 
     </span>
     <span class='ocr_line' id='line_1_22' title="bbox 152 1644 1529 1708; baseline -0.001 -18"><span class='ocrx_word' id='word_1_163' title='bbox 152 1644 307 1708; x_wconf 84' lang='lat' dir='ltr'>pidum</span> <span class='ocrx_word' id='word_1_164' title='bbox 343 1648 570 1702; x_wconf 80' lang='lat' dir='ltr'>Baga&#39;iense</span> <span class='ocrx_word' id='word_1_165' title='bbox 608 1646 891 1699; x_wconf 77' lang='lat' dir='ltr'>conveniant,</span> <span class='ocrx_word' id='word_1_166' title='bbox 930 1655 971 1689; x_wconf 89' lang='lat' dir='ltr'>et</span> <span class='ocrx_word' id='word_1_167' title='bbox 1003 1646 1035 1689; x_wconf 92' lang='lat' dir='ltr'>si</span> <span class='ocrx_word' id='word_1_168' title='bbox 1073 1645 1182 1690; x_wconf 84' lang='lat' dir='ltr'>forte</span> <span class='ocrx_word' id='word_1_169' title='bbox 1218 1645 1288 1689; x_wconf 88' lang='lat' dir='ltr'>ille</span> <span class='ocrx_word' id='word_1_170' title='bbox 1324 1661 1529 1689; x_wconf 90' lang='lat' dir='ltr'>numerus</span> 
     </span>
     <span class='ocr_line' id='line_1_23' title="bbox 154 1712 1531 1773; baseline -0.001 -14"><span class='ocrx_word' id='word_1_171' title='bbox 154 1723 441 1759; x_wconf 88' lang='lat' dir='ltr'>trecentorum</span> <span class='ocrx_word' id='word_1_172' title='bbox 467 1712 616 1758; x_wconf 87' lang='lat' dir='ltr'>decem</span> <span class='ocrx_word' id='word_1_173' title='bbox 636 1717 725 1773; x_wconf 86' lang='lat' dir='ltr'>jam</span> <span class='ocrx_word' id='word_1_174' title='bbox 752 1723 1025 1759; x_wconf 84' lang='lat' dir='ltr'>consecratus</span> <span class='ocrx_word' id='word_1_175' title='bbox 1049 1724 1136 1770; x_wconf 73' lang='lat' dir='ltr'>est,</span> <span class='ocrx_word' id='word_1_176' title='bbox 1164 1713 1344 1759; x_wconf 87' lang='lat' dir='ltr'>totidem</span> <span class='ocrx_word' id='word_1_177' title='bbox 1369 1730 1531 1759; x_wconf 79' lang='lat' dir='ltr'>conve-</span> 
     </span>
     <span class='ocr_line' id='line_1_24' title="bbox 153 1782 1526 1847; baseline -0.001 -18"><span class='ocrx_word' id='word_1_178' title='bbox 153 1785 276 1829; x_wconf 91' lang='lat' dir='ltr'>niant</span> <span class='ocrx_word' id='word_1_179' title='bbox 293 1820 303 1838; x_wconf 84' lang='lat'>‚</span> <span class='ocrx_word' id='word_1_180' title='bbox 332 1793 372 1827; x_wconf 89' lang='lat' dir='ltr'>et</span> <span class='ocrx_word' id='word_1_181' title='bbox 391 1782 481 1828; x_wconf 89' lang='lat' dir='ltr'>illic</span> <span class='ocrx_word' id='word_1_182' title='bbox 502 1784 757 1829; x_wconf 84' lang='lat' dir='ltr'>sententiam</span> <span class='ocrx_word' id='word_1_183' title='bbox 777 1795 928 1829; x_wconf 84' lang='lat' dir='ltr'>contra</span> <span class='ocrx_word' id='word_1_184' title='bbox 947 1795 1087 1829; x_wconf 88' lang='lat' dir='ltr'>totum</span> <span class='ocrx_word' id='word_1_185' title='bbox 1112 1785 1262 1829; x_wconf 89' lang='lat' dir='ltr'>orbem</span> <span class='ocrx_word' id='word_1_186' title='bbox 1285 1783 1526 1847; x_wconf 79' lang='lat' dir='ltr'>proferant,</span> 
     </span>
     <span class='ocr_line' id='line_1_25' title="bbox 153 1852 1531 1917; baseline 0 -18"><span class='ocrx_word' id='word_1_187' title='bbox 153 1855 266 1899; x_wconf 88' lang='lat' dir='ltr'>sicut</span> <span class='ocrx_word' id='word_1_188' title='bbox 284 1852 485 1899; x_wconf 81' lang='lat' dir='ltr'>adversus</span> <span class='ocrx_word' id='word_1_189' title='bbox 503 1853 841 1899; x_wconf 82' lang='lat' dir='ltr'>Maximianistas</span> <span class='ocrx_word' id='word_1_190' title='bbox 864 1854 1143 1917; x_wconf 87' lang='lat' dir='ltr'>protulerunt</span> <span class='ocrx_word' id='word_1_191' title='bbox 1157 1891 1167 1911; x_wconf 83' lang='lat'>‚</span> <span class='ocrx_word' id='word_1_192' title='bbox 1190 1865 1239 1899; x_wconf 93' lang='lat' dir='ltr'>ut</span> <span class='ocrx_word' id='word_1_193' title='bbox 1256 1871 1356 1899; x_wconf 91' lang='lat' dir='ltr'>cum</span> <span class='ocrx_word' id='word_1_194' title='bbox 1377 1853 1531 1899; x_wconf 84' lang='lat' dir='ltr'>volue-</span> 
     </span>
     <span class='ocr_line' id='line_1_26' title="bbox 153 1923 1532 1988; baseline -0.001 -18"><span class='ocrx_word' id='word_1_195' title='bbox 153 1925 242 1970; x_wconf 83' lang='lat' dir='ltr'>rint</span> <span class='ocrx_word' id='word_1_196' title='bbox 266 1923 450 1986; x_wconf 90' lang='lat' dir='ltr'>aliquem</span> <span class='ocrx_word' id='word_1_197' title='bbox 480 1924 749 1987; x_wconf 84' lang='lat' dir='ltr'>rebaptizare</span> <span class='ocrx_word' id='word_1_198' title='bbox 767 1961 777 1980; x_wconf 86' lang='lat'>,</span> <span class='ocrx_word' id='word_1_199' title='bbox 807 1942 856 1969; x_wconf 83' lang='lat' dir='ltr'>ex</span> <span class='ocrx_word' id='word_1_200' title='bbox 883 1925 1024 1988; x_wconf 86' lang='lat' dir='ltr'>aliqua</span> <span class='ocrx_word' id='word_1_201' title='bbox 1056 1936 1180 1988; x_wconf 84' lang='lat' dir='ltr'>parte</span> <span class='ocrx_word' id='word_1_202' title='bbox 1207 1924 1326 1970; x_wconf 91' lang='lat' dir='ltr'>orbis</span> <span class='ocrx_word' id='word_1_203' title='bbox 1351 1925 1532 1970; x_wconf 79' lang='lat' dir='ltr'>venien-</span> 
     </span>
     <span class='ocr_line' id='line_1_27' title="bbox 158 1993 1533 2056; baseline -0.001 -17"><span class='ocrx_word' id='word_1_204' title='bbox 158 2005 240 2040; x_wconf 90' lang='lat' dir='ltr'>tem</span> <span class='ocrx_word' id='word_1_205' title='bbox 257 2031 267 2048; x_wconf 88' lang='lat'>,</span> <span class='ocrx_word' id='word_1_206' title='bbox 303 1993 398 2056; x_wconf 89' lang='lat' dir='ltr'>pari</span> <span class='ocrx_word' id='word_1_207' title='bbox 426 1993 652 2056; x_wconf 81' lang='lat' dir='ltr'>privilegio</span> <span class='ocrx_word' id='word_1_208' title='bbox 681 2011 722 2039; x_wconf 87' lang='lat' dir='ltr'>se</span> <span class='ocrx_word' id='word_1_209' title='bbox 746 1993 949 2039; x_wconf 88' lang='lat' dir='ltr'>defendat</span> <span class='ocrx_word' id='word_1_210' title='bbox 966 2031 976 2049; x_wconf 86' lang='lat'>,</span> <span class='ocrx_word' id='word_1_211' title='bbox 1006 2012 1193 2040; x_wconf 76' lang='lat' dir='ltr'>asserens</span> <span class='ocrx_word' id='word_1_212' title='bbox 1217 1994 1301 2039; x_wconf 89' lang='lat' dir='ltr'>sibi</span> <span class='ocrx_word' id='word_1_213' title='bbox 1326 1993 1387 2038; x_wconf 89' lang='lat' dir='ltr'>ita</span> <span class='ocrx_word' id='word_1_214' title='bbox 1409 1993 1533 2056; x_wconf 88' lang='lat' dir='ltr'>parci</span> 
     </span>
     <span class='ocr_line' id='line_1_28' title="bbox 149 2064 1529 2127; baseline 0 -19"><span class='ocrx_word' id='word_1_215' title='bbox 149 2074 379 2127; x_wconf 79' lang='lat' dir='ltr'>oportere,</span> <span class='ocrx_word' id='word_1_216' title='bbox 407 2064 520 2108; x_wconf 85' lang='lat' dir='ltr'>sicut</span> <span class='ocrx_word' id='word_1_217' title='bbox 539 2064 576 2108; x_wconf 86' lang='lat' dir='ltr'>ei</span> <span class='ocrx_word' id='word_1_218' title='bbox 596 2064 795 2126; x_wconf 83' lang='lat' dir='ltr'>parcitur</span> <span class='ocrx_word' id='word_1_219' title='bbox 817 2081 946 2126; x_wconf 89' lang='lat' dir='ltr'>quem</span> <span class='ocrx_word' id='word_1_220' title='bbox 968 2065 1285 2109; x_wconf 77' lang='lat' dir='ltr'>Maximianista</span> <span class='ocrx_word' id='word_1_221' title='bbox 1308 2064 1529 2126; x_wconf 87' lang='lat' dir='ltr'>baptizat;</span> 
     </span>
     <span class='ocr_line' id='line_1_29' title="bbox 153 2131 1534 2197; baseline -0.001 -19"><span class='ocrx_word' id='word_1_222' title='bbox 153 2135 255 2197; x_wconf 86' lang='lat' dir='ltr'>quia</span> <span class='ocrx_word' id='word_1_223' title='bbox 271 2136 361 2192; x_wconf 85' lang='lat' dir='ltr'>jam</span> <span class='ocrx_word' id='word_1_224' title='bbox 387 2149 476 2177; x_wconf 91' lang='lat' dir='ltr'>non</span> <span class='ocrx_word' id='word_1_225' title='bbox 499 2131 640 2177; x_wconf 90' lang='lat' dir='ltr'>solum</span> <span class='ocrx_word' id='word_1_226' title='bbox 661 2133 991 2178; x_wconf 82' lang='lat' dir='ltr'>Maximianistae</span> <span class='ocrx_word' id='word_1_227' title='bbox 1007 2170 1018 2188; x_wconf 82' lang='lat'>‚</span> <span class='ocrx_word' id='word_1_228' title='bbox 1038 2133 1111 2177; x_wconf 88' lang='lat' dir='ltr'>sed</span> <span class='ocrx_word' id='word_1_229' title='bbox 1135 2133 1189 2177; x_wconf 86' lang='lat' dir='ltr'>eti</span> <span class='ocrx_word' id='word_1_230' title='bbox 1197 2150 1264 2177; x_wconf 89' lang='lat' dir='ltr'>am</span> <span class='ocrx_word' id='word_1_231' title='bbox 1284 2142 1398 2177; x_wconf 89' lang='lat' dir='ltr'>totus</span> <span class='ocrx_word' id='word_1_232' title='bbox 1415 2132 1534 2177; x_wconf 90' lang='lat' dir='ltr'>orbis</span> 
     </span>
     <span class='ocr_line' id='line_1_30' title="bbox 155 2202 1533 2264; baseline 0 -16"><span class='ocrx_word' id='word_1_233' title='bbox 155 2203 361 2248; x_wconf 87' lang='lat' dir='ltr'>meruerit</span> <span class='ocrx_word' id='word_1_234' title='bbox 389 2202 576 2247; x_wconf 89' lang='lat' dir='ltr'>concilio</span> <span class='ocrx_word' id='word_1_235' title='bbox 608 2203 833 2262; x_wconf 64' lang='lat' dir='ltr'>Bagatensi</span> <span class='ocrx_word' id='word_1_236' title='bbox 864 2203 1078 2249; x_wconf 85' lang='lat' dir='ltr'>damnari.</span> <span class='ocrx_word' id='word_1_237' title='bbox 1110 2202 1278 2247; x_wconf 77' lang='lat' dir='ltr'>Deinde</span> <span class='ocrx_word' id='word_1_238' title='bbox 1303 2219 1345 2247; x_wconf 93' lang='lat' dir='ltr'>se</span> <span class='ocrx_word' id='word_1_239' title='bbox 1370 2202 1485 2264; x_wconf 88' lang='lat' dir='ltr'>ipsos</span> <span class='ocrx_word' id='word_1_240' title='bbox 1510 2220 1533 2248; x_wconf 87' lang='lat' dir='ltr'>a</span> 
     </span>
     <span class='ocr_line' id='line_1_31' title="bbox 158 2271 1531 2335; baseline -0.001 -18"><span class='ocrx_word' id='word_1_241' title='bbox 158 2283 244 2318; x_wconf 87' lang='lat' dir='ltr'>tam</span> <span class='ocrx_word' id='word_1_242' title='bbox 267 2288 420 2331; x_wconf 87' lang='lat' dir='ltr'>magna</span> <span class='ocrx_word' id='word_1_243' title='bbox 437 2271 601 2317; x_wconf 80' lang='lat' dir='ltr'>invidia</span> <span class='ocrx_word' id='word_1_244' title='bbox 620 2272 892 2328; x_wconf 79' lang='lat' dir='ltr'>liberabunt,</span> <span class='ocrx_word' id='word_1_245' title='bbox 917 2284 964 2318; x_wconf 82' lang='lat' dir='ltr'>ut</span> <span class='ocrx_word' id='word_1_246' title='bbox 981 2290 1081 2318; x_wconf 90' lang='lat' dir='ltr'>cum</span> <span class='ocrx_word' id='word_1_247' title='bbox 1103 2272 1320 2335; x_wconf 83' lang='lat' dir='ltr'>coeperint</span> <span class='ocrx_word' id='word_1_248' title='bbox 1336 2275 1427 2330; x_wconf 85' lang='lat' dir='ltr'>jam</span> <span class='ocrx_word' id='word_1_249' title='bbox 1444 2289 1531 2317; x_wconf 89' lang='lat' dir='ltr'>non</span> 
     </span>
     <span class='ocr_line' id='line_1_32' title="bbox 154 2341 1533 2405; baseline -0.001 -17"><span class='ocrx_word' id='word_1_250' title='bbox 154 2341 422 2404; x_wconf 84' lang='lat' dir='ltr'>rebaptizare</span> <span class='ocrx_word' id='word_1_251' title='bbox 438 2341 483 2386; x_wconf 91' lang='lat' dir='ltr'>in</span> <span class='ocrx_word' id='word_1_252' title='bbox 504 2342 697 2388; x_wconf 88' lang='lat' dir='ltr'>Ecclesia</span> <span class='ocrx_word' id='word_1_253' title='bbox 720 2343 987 2405; x_wconf 71' lang='lat' dir='ltr'>baptizatos,</span> <span class='ocrx_word' id='word_1_254' title='bbox 1009 2359 1108 2405; x_wconf 84' lang='lat' dir='ltr'>quae</span> <span class='ocrx_word' id='word_1_255' title='bbox 1128 2359 1209 2404; x_wconf 87' lang='lat' dir='ltr'>per</span> <span class='ocrx_word' id='word_1_256' title='bbox 1236 2358 1382 2386; x_wconf 90' lang='lat' dir='ltr'>omnes</span> <span class='ocrx_word' id='word_1_257' title='bbox 1402 2351 1533 2387; x_wconf 85' lang='lat' dir='ltr'>terras</span> 
     </span>
     <span class='ocr_line' id='line_1_33' title="bbox 155 2411 1531 2474; baseline -0.001 -18"><span class='ocrx_word' id='word_1_258' title='bbox 155 2422 216 2457; x_wconf 87' lang='lat' dir='ltr'>est</span> <span class='ocrx_word' id='word_1_259' title='bbox 234 2411 492 2465; x_wconf 85' lang='lat' dir='ltr'>constituta,</span> <span class='ocrx_word' id='word_1_260' title='bbox 522 2411 555 2455; x_wconf 90' lang='lat' dir='ltr'>si</span> <span class='ocrx_word' id='word_1_261' title='bbox 588 2412 684 2474; x_wconf 88' lang='lat' dir='ltr'>quis</span> <span class='ocrx_word' id='word_1_262' title='bbox 708 2412 765 2456; x_wconf 84' lang='lat' dir='ltr'>eis</span> <span class='ocrx_word' id='word_1_263' title='bbox 793 2413 977 2457; x_wconf 81' lang='lat' dir='ltr'>moverit</span> <span class='ocrx_word' id='word_1_264' title='bbox 998 2412 1280 2474; x_wconf 79' lang='lat' dir='ltr'>quaeslionem</span> <span class='ocrx_word' id='word_1_265' title='bbox 1297 2447 1307 2466; x_wconf 86' lang='lat'>‚</span> <span class='ocrx_word' id='word_1_266' title='bbox 1336 2427 1414 2455; x_wconf 87' lang='lat' dir='ltr'>cur</span> <span class='ocrx_word' id='word_1_267' title='bbox 1440 2413 1531 2469; x_wconf 85' lang='lat' dir='ltr'>jam</span> 
     </span>
     <span class='ocr_line' id='line_1_34' title="bbox 156 2479 1531 2543; baseline -0.001 -17"><span class='ocrx_word' id='word_1_268' title='bbox 156 2498 243 2526; x_wconf 88' lang='lat' dir='ltr'>non</span> <span class='ocrx_word' id='word_1_269' title='bbox 261 2480 422 2525; x_wconf 83' lang='lat' dir='ltr'>faciant</span> <span class='ocrx_word' id='word_1_270' title='bbox 444 2480 565 2543; x_wconf 87' lang='lat' dir='ltr'>quod</span> <span class='ocrx_word' id='word_1_271' title='bbox 587 2490 685 2526; x_wconf 86' lang='lat' dir='ltr'>ante</span> <span class='ocrx_word' id='word_1_272' title='bbox 713 2480 957 2538; x_wconf 87' lang='lat' dir='ltr'>faciebant,</span> <span class='ocrx_word' id='word_1_273' title='bbox 988 2480 1276 2543; x_wconf 84' lang='lat' dir='ltr'>respondeant</span> <span class='ocrx_word' id='word_1_274' title='bbox 1301 2497 1311 2523; x_wconf 77' lang='lat' dir='ltr'>z</span> <span class='ocrx_word' id='word_1_275' title='bbox 1341 2479 1531 2535; x_wconf 86' lang='lat' dir='ltr'>Quando</span> 
     </span>
     <span class='ocr_line' id='line_1_35' title="bbox 155 2549 1534 2610; baseline 0 -15"><span class='ocrx_word' id='word_1_276' title='bbox 155 2551 234 2605; x_wconf 84' lang='lat' dir='ltr'>ista</span> <span class='ocrx_word' id='word_1_277' title='bbox 253 2549 537 2599; x_wconf 87' lang='lat' dir='ltr'>faciebamus,</span> <span class='ocrx_word' id='word_1_278' title='bbox 563 2550 764 2596; x_wconf 88' lang='lat' dir='ltr'>nondum</span> <span class='ocrx_word' id='word_1_279' title='bbox 783 2551 1006 2610; x_wconf 83' lang='lat' dir='ltr'>Baga&#39;iensi</span> <span class='ocrx_word' id='word_1_280' title='bbox 1024 2550 1209 2597; x_wconf 88' lang='lat' dir='ltr'>concilio</span> <span class='ocrx_word' id='word_1_281' title='bbox 1229 2559 1364 2595; x_wconf 85' lang='lat' dir='ltr'>totum</span> <span class='ocrx_word' id='word_1_282' title='bbox 1384 2549 1534 2594; x_wconf 89' lang='lat' dir='ltr'>orbem</span> 
     </span>
    </p>

    <p class='ocr_par' dir='ltr' id='par_1_5' title="bbox 205 2629 538 2665">
     <span class='ocr_line' id='line_1_36' title="bbox 205 2629 538 2665; baseline 0 -4"><span class='ocrx_word' id='word_1_283' title='bbox 205 2629 214 2651; x_wconf 88' lang='lat'>¹</span> <span class='ocrx_word' id='word_1_284' title='bbox 231 2631 337 2663; x_wconf 70' lang='lat' dir='ltr'>llludit</span> <span class='ocrx_word' id='word_1_285' title='bbox 356 2629 538 2665; x_wconf 78' lang='lat' dir='ltr'>Donatistis.</span> 
     </span>
    </p>
   </div>
  </div>
 </body>
</html>
