1894 3154
303 235 396 292 448
717 247 751 278 s,
794 244 1039 277 mausum
1074 241 1275 275 Eprscom

303 319 391 364 Ave
413 332 502 361 non
521 331 607 360 esse
627 312 860 359 dicendum
879 312 896 341 1
915 331 925 357 :
953 311 1115 357 Paulus
1137 321 1279 356 autem
1299 309 1518 373 apostolus
1535 309 1672 356 vehe-

299 387 483 432 mentius
507 385 613 430 dicit
636 402 646 428 ε
675 406 693 425 α
717 383 762 428 Si
787 383 882 446 quis
913 381 1045 427 frater
1069 381 1317 426 nominatur
1351 380 1461 425 inter
1486 396 1561 424 vos
1599 389 1674 424 aut

304 477 323 498 »
345 472 496 501 avarus
513 492 523 510 ‚
558 465 631 499 aut
652 453 869 507 ebriosus,
901 462 1006 505 eto,
1034 467 1133 495 cum
1159 449 1370 509 ejusmodi
1395 467 1472 495 nec
1497 448 1674 512 quidem

302 547 322 569 »
342 526 490 571 cibum
509 524 635 569 simul
655 522 847 568 sumere2
872 539 882 565 ε
905 543 924 561 >>
949 531 990 565 et
1016 531 1159 564 tamen
1183 536 1282 564 cum
1303 519 1474 578 collegis
1494 518 1676 563 foenera-

303 596 494 650 toribus,
523 594 734 639 insidiosis
752 629 762 647 ,
792 590 1116 636 fraudatoribus
1132 626 1142 644 ‚
1165 589 1415 651 raptoribus
1433 625 1444 643 ,
1471 605 1559 632 non
1582 587 1677 649 pri-

301 675 445 711 vatam
471 679 685 717 mensam,
723 660 795 705 sed
821 660 901 704 Dei
932 659 1063 703 altare
1088 658 1281 703 habebat
1318 674 1548 703 commune
1583 657 1677 718 Cy-

302 734 494 797 prianus.
527 731 765 788 Quomodo
796 741 939 776 autem
968 730 1055 775 hoc
1076 728 1355 784 defendatur,
1383 732 1475 787 jam
1511 728 1555 772 in
1587 726 1679 772 aliis

301 803 426 849 libris
448 802 549 847 satis
577 801 745 846 dictum
765 811 839 847 est.

369 872 464 918 XC.
508 871 674 916 Litteus
698 888 721 915 a
741 869 946 915 Gemellis
973 868 1078 914 dixit
1099 885 1110 912 :
1138 889 1158 909 «
1179 868 1332 913 Caecus
1355 883 1521 912 caecum
1547 866 1579 911 si
1601 864 1680 911 du-

306 965 327 985 »
345 953 417 988 cat
435 979 445 997 ‚
480 942 609 986 ambo
633 943 678 986 in
709 940 877 985 foveam
902 939 1107 985 caduntss.
1130 960 1150 980 ›>
1181 940 1293 984 Cum
1320 954 1420 997 ergo
1454 936 1681 981 haereticos

307 1023 472 1058 constet
491 1029 576 1056 non
597 1028 718 1073 posse
737 1011 980 1055 illuminare
998 1026 1262 1071 quemquam
1277 1045 1287 1064 ,
1316 1019 1364 1053 ut
1393 1018 1493 1070 pote
1510 1021 1678 1059 caecos;

308 1083 525 1145 baptisma
552 1097 700 1125 eorum
732 1097 818 1124 non
846 1079 971 1124 valet.
1000 1100 1019 1118 »

373 1153 491 1196 ACI.
526 1152 611 1195 Nec
636 1166 713 1194 nos
733 1150 919 1194 dicimus
939 1147 1080 1194 valere
1100 1147 1154 1192 ad
1173 1146 1352 1192 salutem
1374 1146 1571 1209 quandiu
1592 1145 1684 1191 hae-

309 1221 430 1266 retici
456 1230 578 1274 sunt,
607 1220 716 1264 sicut
747 1229 788 1263 et
821 1218 903 1263 illis
931 1217 1164 1262 homicidis
1194 1216 1389 1279 quandiu
1406 1216 1558 1261 fratres
1577 1215 1684 1260 ode-

310 1301 444 1336 runt:
471 1307 570 1334 nam
598 1300 639 1334 et
658 1289 740 1350 ipsi
760 1289 804 1333 in
826 1288 1014 1332 tenebris
1045 1298 1168 1340 sunt,
1199 1297 1240 1331 et
1268 1287 1301 1331 si
1322 1287 1417 1348 quis
1443 1303 1511 1331 eos
1537 1284 1684 1348 sequi-

310 1371 399 1415 tur,
423 1359 609 1405 simulin
628 1358 793 1403 foveam
816 1358 1004 1410 cadunt3
1027 1374 1106 1402 nec
1127 1357 1224 1402 ideo
1246 1367 1390 1401 tamen
1415 1357 1685 1419 baptismum

310 1431 378 1477 vel
402 1447 488 1475 non
509 1429 676 1474 habent
694 1465 704 1483 ‚
733 1428 799 1473 vel
820 1444 906 1472 nou
926 1427 1121 1473 tradunt.

378 1500 518 1545 XCH.
561 1498 721 1543 Natalis
758 1499 812 1543 ab
848 1498 943 1543 Oea
979 1497 1086 1542 dixit
1117 1515 1127 1541 ι
1169 1518 1189 1537 «
1219 1498 1328 1541 Tam
1359 1514 1436 1556 ego
1468 1513 1681 1559 praesens,

313 1587 443 1634 quam
463 1569 695 1646 Pompeius
722 1568 1017 1623 Sibratensis‚
1050 1585 1182 1630 quam
1210 1568 1338 1612 etiam
1372 1568 1507 1625 Dioga
1534 1567 1688 1629 lepti-

313 1639 549 1699 mmigeusis
573 1642 650 1700 qui
679 1637 788 1681 mihi
813 1638 1150 1692 mandaterum,
1181 1653 1363 1699 corpore
1394 1636 1571 1700 quidem
1604 1636 1688 1681 ab·

314 1721 451 1756 sentes
468 1746 478 1764 ,
499 1708 652 1771 spiritu
674 1718 934 1770 praesentes,
955 1724 1178 1752 censemus
1198 1707 1317 1770 quod
1337 1718 1377 1751 et
1398 1706 1574 1765 collegae
1593 1723 1684 1751 nos

314 1780 395 1835 tri,
427 1778 545 1842 quod
577 1778 773 1822 haeretici
805 1778 1242 1823 communic-itionem
1273 1777 1316 1821 h
1309 1777 1434 1822 ibere
1460 1778 1689 1821 nobiscum

316 1866 402 1893 non
415 1857 614 1910 possunt,
631 1847 712 1890 nisi
726 1846 1013 1891 ecclesiastico
1027 1847 1246 1909 baptismo
1260 1846 1467 1908 baptizati
1486 1846 1689 1890 fuerint.»

380 1917 545 1963 Xc‘llt.
589 1917 1068 1970 Communicationem,
1103 1916 1261 1968 credo,
1298 1933 1390 1960 eam
1427 1915 1553 1969 dicit,
1590 1930 1691 1977 quae

315 1988 502 2052 pertinet
522 1985 574 2031 ad
599 1985 817 2030 columbae
848 1987 1091 2030 societatem
1119 2003 1129 2029 z
1160 2003 1258 2029 nam
1284 1985 1328 2028 in
1356 1985 1691 2047 participatione

317 2066 683 2104 sacramentorum
710 2055 865 2117 procul
887 2054 1024 2099 dubio
1051 2054 1437 2100 communicabant
1455 2055 1534 2108 eis,
1560 2054 1692 2098 nemi-

317 2145 413 2174 nem
428 2125 673 2186 Judicantes
688 2161 699 2180 ,
724 2141 802 2169 nec
827 2142 848 2168 a
868 2128 966 2183 jure
987 2123 1306 2169 communionis
1326 2122 1510 2185 aliquem
1532 2159 1541 2178 ,
1563 2123 1595 2167 si
1620 2122 1692 2168 di-

318 2213 488 2244 versum
508 2195 706 2249 sentiret,
736 2204 991 2239 amoventes.
1020 2194 1102 2237 Sed
1125 2193 1323 2255 quolibet
1352 2193 1482 2237 modo
1509 2192 1688 2244 dixerit,

318 2283 407 2311 non
432 2281 688 2326 magnopere
712 2263 843 2308 verba
868 2263 966 2307 haec
999 2261 1230 2307 refellenda
1266 2272 1378 2308 sunt.
1423 2264 1548 2308 Certe
1578 2262 1692 2308 enim

320 2353 407 2381 non
431 2334 721 2380 communicet
752 2333 985 2377 haereticus
1003 2369 1013 2387 ‚
1050 2333 1129 2377 nisi
1155 2331 1442 2377 ecclesiastico
1473 2332 1693 2394 baptismo

321 2405 581 2467 baptizatus,
609 2406 791 2447 Constat
811 2413 953 2447 autem
974 2402 1309 2447 ecclesiasticum
1324 2419 1409 2447 esse
1427 2402 1694 2464 baptismum

322 2476 451 2522 etiam
478 2472 596 2537 apud
632 2472 861 2518 haeretieos
891 2473 1032 2518 verbis
1059 2471 1326 2531 Evangelicis
1359 2481 1690 2518 consecratum:

326 2602 332 2606 .
373 2561 383 2583 ¹
402 2570 418 2590 2
437 2560 531 2590 Joan.
555 2568 657 2592 xc.—
674 2555 688 2579 2
708 2567 721 2588 1
740 2558 815 2593 Cor.
834 2567 864 2597 v,
887 2566 984 2590 11.—
1002 2554 1016 2581 ³
1035 2556 1222 2599 Ma1211..xv‚
1246 2562 1296 2593 15..
