1894 3154
286 225 377 287 996
704 237 738 271 s,
783 237 1023 269 Avocsrnu
1058 237 1262 269 EPISCOPI

287 305 511 370 Cypriano
534 306 587 353 de
611 306 694 352 hac
727 322 772 351 re
800 304 1018 351 concilia?
1048 305 1105 350 L‘t
1136 303 1242 368 quid
1280 304 1418 351 eidem
1442 306 1656 355 Jubaiano

285 375 417 433 dicit,
442 394 531 422 non
548 394 590 422 se
610 393 698 422 rem
727 391 884 420 novam
915 374 1052 420 facere
1077 384 1150 419 aut
1179 375 1474 437 repentinam,
1503 376 1576 422 sed
1600 378 1656 423 ab

286 447 529 510 Agrippino
548 446 827 492 constitutam
847 445 856 490 ἔ
889 444 981 490 Cur
1001 444 1113 490 enim
1133 444 1158 488 J
1164 444 1374 491 ubaianus
1397 445 1452 492 de
1469 447 1657 494 novitate

283 517 553 573 turbaretur,
597 527 646 562 ut
674 533 773 562 eum
810 531 890 578 per
918 514 1216 560 auctoritatem
1249 515 1479 578 Agrippini
1517 519 1658 564 sanari

283 597 528 649 oporteret,
555 587 589 631 si
608 587 663 631 ab
693 585 937 648 Agrippino
958 601 1093 647 usque
1114 584 1168 630 ad
1191 586 1462 648 Cyprianum
1486 586 1573 633 hoc
1596 598 1657 633 te·

283 655 415 702 nebat
439 654 662 701 Ecclesia?
685 655 776 701 Cur
793 654 980 716 denique
1001 664 1066 699 tot
1084 657 1174 714 ejus
1194 654 1370 714 collegae
1399 655 1442 701 in
1471 656 1656 703 concilio

284 725 482 772 dixerunt
509 726 721 771 rationem
747 736 790 771 et
822 725 1046 771 veritatem
1065 724 1369 771 consuetudini
1389 743 1656 790 praeponen-

285 795 386 842 dam
403 832 414 852 ,
441 813 489 842 ac
508 813 596 841 non
614 796 761 859 potius
777 795 975 841 dixerunt
995 812 1065 841 eos
1083 796 1160 860 qui
1183 794 1303 841 aliud
1322 795 1459 842 facere
1477 796 1653 854 vellent,

283 877 324 913 et
342 877 493 913 contra
511 866 734 913 veritatem
757 877 799 913 et
821 877 973 912 contra
1000 866 1355 912 consuetudinem
1378 865 1550 914 facere?

345 937 511 984 XVIII.
552 957 574 977 «
595 937 659 982 De
689 937 934 982 remissione
963 947 1107 982 autem
1138 947 1443 1000 peccatorum,
1468 948 1656 984 »utrum

281 1025 360 1071 per
374 1007 642 1070 baptismum
661 1007 780 1071 apud
796 1007 1026 1053 haereticos
1043 1008 1136 1063 fiat,
1158 1006 1267 1071 quid
1291 1007 1402 1053 mihi
1417 1007 1651 1063 videretur,

280 1077 327 1122 in
345 1077 428 1122 alio
446 1081 536 1136 jam
558 1076 779 1122 volumine
795 1077 948 1140 scripsi
967 1094 976 1122 :
997 1076 1069 1122 sed
1086 1077 1215 1122 etiam
1236 1076 1310 1122 hic
1329 1077 1518 1123 breviter
1535 1094 1654 1123 com-

281 1164 488 1193 memoro.
514 1147 559 1192 Si
573 1146 622 1191 fit
636 1146 726 1191 illic
746 1147 936 1192 remissio
948 1146 1196 1192 debitorum
1214 1163 1292 1208 per
1307 1146 1514 1209 baptismi
1535 1164 1657 1193 sanc-

280 1218 467 1274 titatem,
496 1234 642 1262 rursus
661 1216 809 1262 debita
828 1216 1010 1263 redeunt
1032 1234 1111 1280 per
1130 1217 1306 1262 haeresis
1322 1228 1396 1263 aut
1413 1217 1656 1264 schismatis

282 1289 648 1334 obstinationem:
685 1298 725 1333 et
751 1287 847 1333 ideo
877 1288 1161 1333 necessarium
1195 1288 1360 1333 habent
1398 1288 1655 1349 hujusmodi

282 1359 482 1405 homines
522 1358 666 1404 venire
699 1357 753 1404 ad
782 1358 1045 1403 catholicam
1077 1375 1257 1422 pacem,
1292 1369 1340 1404 ut
1377 1358 1574 1406 haeretici
1613 1371 1656 1407 et

283 1428 549 1474 schismatici
572 1445 657 1473 esse
678 1431 771 1487 jam
793 1427 1011 1484 desinant,
1034 1439 1074 1474 et
1094 1445 1242 1475 eorum
1263 1445 1363 1492 quae
1386 1429 1432 1474 in
1455 1429 1550 1476 illos
1583 1447 1654 1476 re-

280 1498 452 1544 dierant
466 1535 477 1554 ,
522 1508 803 1561 peccatorum
839 1499 1140 1561 purgationem
1180 1499 1225 1543 in
1264 1499 1440 1544 unitatis
1475 1499 1653 1546 vinculo

278 1568 491 1615 charitate
513 1578 718 1631 operante
738 1579 996 1616 mereantur.
1023 1569 1068 1614 Si
1104 1580 1244 1614 autem
1261 1604 1271 1624 ,
1302 1569 1499 1632 quamvis
1535 1569 1653 1633 apud

279 1639 508 1684 haereticos
539 1637 607 1683 vel
641 1638 937 1684 schismaticos
964 1638 1080 1684 idem
1109 1640 1163 1684 sit
1184 1638 1428 1702 baptismus
1453 1639 1648 1697 Christi,

277 1726 366 1755 non
389 1719 532 1755 tamen
555 1708 618 1753 ibi
641 1719 847 1770 operatur
869 1701 1155 1755 remissionem
1174 1720 1453 1773 peccatorum
1472 1721 1654 1774 propter

279 1778 474 1824 eamdem
494 1777 724 1824 discordiae
743 1778 986 1824 foeditatem
1001 1790 1042 1825 et
1057 1779 1330 1825 dissensionis
1346 1780 1618 1843 iniquitatem
1636 1798 1648 1826 ς

277 1858 383 1894 tunc
411 1848 568 1910 incipit
597 1847 736 1893 valere
774 1848 890 1893 idem
917 1849 1160 1911 baptismus
1186 1849 1242 1894 ad
1265 1849 1522 1895 dimittenda
1542 1867 1651 1913 pec-

277 1928 389 1973 cata,
414 1934 515 1963 cum
543 1917 598 1962 ad
621 1917 827 1963 Ecclesiae
845 1934 997 1980 pacem
1022 1919 1239 1975 venerint,
1262 1935 1349 1964 non
1374 1931 1420 1964 ut
1438 1923 1532 1979 jam
1554 1937 1652 1966 vere

274 1986 450 2033 dimissa
479 2004 566 2032 non
592 1987 888 2041 retineantur3
924 2005 1061 2052 neque
1083 1999 1131 2034 ut
1154 1988 1225 2034 ille
1247 1989 1491 2052 baptismus
1516 1991 1651 2053 [quasi

273 2056 437 2103 alienus
462 2067 535 2101 aut
569 2056 676 2101 alius
702 2057 995 2119 improbetur,
1033 2068 1082 2103 ut
1114 2058 1221 2104 alter
1247 2059 1445 2104 tradatur
1467 2077 1478 2104 ε
1505 2059 1578 2106 sed
1602 2070 1650 2106 ut

272 2127 388 2173 idem
411 2127 503 2189 ipse
527 2127 603 2190 qui
623 2137 806 2189 propter
827 2126 1090 2173 discordiam
1109 2128 1214 2174 foris
1239 2129 1506 2192 operabatur
1527 2147 1650 2175 mor-

274 2208 378 2251 tem,
405 2207 588 2260 propter
610 2214 761 2259 pacem
777 2197 890 2243 intus
905 2209 1106 2260 operetur
1124 2198 1319 2246 salutem.
1344 2199 1465 2245 Idem
1483 2200 1649 2263 quippe

274 2266 381 2312 odor
406 2276 496 2311 erat
523 2266 576 2312 de
600 2283 687 2329 quo
707 2266 815 2312 dicit
844 2267 1077 2330 Apostolus
1101 2286 1111 2313 :
1140 2290 1159 2309 α
1182 2269 1345 2314 Christi
1375 2269 1517 2315 bonus
1539 2269 1648 2315 odor

272 2357 294 2378 ³>
312 2351 459 2380 sumus
486 2335 532 2380 in
558 2336 677 2381 omni
709 2335 805 2382 loco
827 2357 838 2391 3
858 2348 899 2383 et
919 2348 1061 2383 tamen
1079 2349 1119 2383 et
1143 2338 1190 2384 in
1211 2339 1261 2384 iis
1284 2339 1359 2401 qui
1377 2339 1481 2385 salvi
1502 2341 1615 2386 fiunt
1632 2378 1644 2397 ,

272 2427 294 2447 ›>
311 2405 477 2468 inquit,
507 2415 548 2450 et
572 2405 618 2450 in
640 2406 691 2451 iis
710 2407 786 2469 qui
808 2418 1021 2470 pereunt,
1042 2408 1133 2454 aliis
1151 2408 1328 2472 quidem
1353 2408 1463 2454 odor
1481 2409 1584 2456 vitae
1600 2410 1646 2456 in

270 2496 292 2517 ι)
311 2475 444 2521 vitam
457 2511 469 2531 ,
500 2474 591 2520 aliis
612 2486 754 2522 autem
776 2477 885 2524 odor
904 2479 1054 2527 mortis
1069 2479 1114 2526 in
1135 2490 1317 2526 mortem
1331 2479 1365 2528 1.
1386 2500 1406 2522 >2
1422 2479 1553 2538 Quod
1569 2480 1645 2527 etsi

320 2554 330 2576 ¹
351 2564 368 2583 2
387 2553 460 2586 Cor.
473 2563 512 2592 u,
530 2553 582 2586 15.
