1894 3154
456 270 629 301 CONTRA
664 270 870 301 LiTTERAs
905 270 1148 313 PETILIANI,
1188 272 1274 303 LIB.
1319 275 1348 303 1.
1505 257 1597 320 477

231 335 318 382 1100
343 335 386 380 111
414 353 562 381 eorum
583 335 725 381 fronte
746 336 964 396 configite,
986 336 1072 382 hoc
1094 337 1152 382 eis
1175 336 1227 384 ad
1252 337 1601 401 comprimendas

231 405 399 451 dolosas
424 406 591 465 linguas
628 407 672 452 in
697 425 770 452 ora
794 417 1009 452 coarctate
1030 443 1041 462 ,
1067 407 1154 453 1100
1188 418 1394 471 tanquam
1428 408 1606 454 tridenti

231 474 315 520 telo
328 475 444 520 velut
464 475 698 538 tricipitem
714 475 896 521 bestiam
919 492 1067 522 eorum
1088 476 1350 522 calumniam
1365 477 1593 524 trucidate.

231 544 527 591 Traditionem
553 546 769 606 objiciunt
784 582 794 601 ‚
816 547 1159 609 persecutionem
1183 547 1421 606 objiciunt,
1448 546 1604 592 falsum

229 615 449 678 baptisma
472 616 689 675 objiciunt
710 634 721 661 :
750 615 803 661 de
820 616 919 662 solis
938 616 1264 662 Maximianistis
1288 617 1340 662 ad
1358 617 1501 662 onmia
1522 634 1604 662 res-

229 686 432 749 pondete.
466 686 596 743 Quod
621 687 735 732 enim
753 691 934 746 majores
961 704 1111 732 eorum
1137 686 1411 732 tradiderunt
1434 697 1603 732 sanctos

231 756 400 802 codices
423 756 630 812 flammis,
657 757 879 802 occultum
898 774 984 802 esse
1008 757 1303 802 arbitrantur:
1330 757 1403 803 sed
1418 774 1517 803 cum
1532 774 1603 801 53-

231 825 407 886 crilegio
431 826 673 872 schismatis
704 827 953 890 inquinatos
976 827 1022 872 in
1041 827 1126 872 suis
1157 827 1398 872 honoribus
1429 843 1606 889 recepe-

231 907 350 951 runt,
373 896 459 941 hoc
478 908 591 942 certe
605 896 824 942 occultare
842 914 930 942 non
950 908 1145 959 possunt.
1166 897 1273 942 Item
1290 897 1607 960 persecutiones

231 965 584 1022 violentissimas,
615 984 721 1029 quas
745 967 1013 1030 quibuslibet
1042 967 1120 1012 ubi
1149 967 1374 1030 potuerint
1402 965 1570 1011 faciunt
1591 1004 1602 1022 ,

231 1038 426 1083 occultas
450 1055 535 1083 esse
569 1039 840 1083 arbitrantur
866 1056 876 1082 ε
908 1037 980 1084 sed
1007 1055 1109 1083 cum
1138 1037 1343 1100 spiritalis
1364 1037 1607 1100 persecutio

231 1108 572 1169 persecutionem
605 1119 777 1171 superet
806 1107 1101 1170 corporalem,
1139 1108 1474 1152 Maximianistas
1499 1122 1607 1169 quos

231 1176 315 1241 ipsi
346 1178 628 1241 corporaliter
653 1178 874 1242 persecuti
901 1189 1028 1235 sunt,
1058 1188 1100 1223 et
1123 1177 1175 1223 de
1197 1178 1359 1241 quibus
1381 1177 1464 1241 ipsi
1488 1177 1607 1223 dixe-

231 1259 336 1294 runt
364 1266 373 1293 :
403 1270 422 1291 α
444 1249 619 1296 Veloces
660 1249 791 1312 pedes
825 1265 974 1293 eorum
1003 1247 1058 1294 ad
1091 1248 1401 1293 effundendum
1435 1247 1610 1308 sangui-

233 1339 255 1362 »
274 1336 372 1364 nem
392 1319 410 1348 1
426 1357 438 1375 ,
468 1340 488 1361 >)
509 1320 553 1364 111
576 1320 662 1365 suis
685 1320 712 1364 1Ἰ
727 1320 926 1365 moribus
957 1330 1236 1381 receperunt;
1272 1318 1357 1363 hoc
1384 1329 1498 1364 certe
1530 1335 1609 1364 oc-

235 1390 400 1435 cultare
419 1408 510 1435 non
528 1400 722 1452 possunt.
748 1391 973 1435 Postremo
993 1389 1508 1452 baptismiquaestionem,
1524 1406 1610 1452 qua

233 1460 411 1506 miseros
430 1460 588 1506 fallunt
607 1498 617 1517 ,
642 1460 859 1505 occultam
884 1477 968 1505 esse
990 1460 1259 1504 arbitrantur
1281 1477 1291 1503 :
1315 1459 1386 1504 sed
1416 1477 1516 1505 cum
1537 1459 1609 1504 di-

236 1541 336 1575 cant
357 1531 625 1593 baptismum
645 1548 734 1575 non
749 1530 912 1574 habere
933 1539 1149 1592 quotquot
1164 1539 1323 1591 praeter
1339 1530 1610 1574 communio-

236 1619 334 1647 nem
360 1603 487 1647 unius
509 1601 713 1647 Ecclesiae
738 1600 1038 1663 baptizantur‚
1068 1599 1404 1645 Maximianistas
1427 1617 1529 1645 cum
1553 1601 1611 1645 eis

237 1692 347 1739 quos
370 1685 484 1720 extra
514 1674 691 1718 istorum
718 1670 1068 1716 communionem
1092 1669 1135 1714 in
1164 1670 1393 1715 schismate
1412 1671 1614 1733 baptiza-

237 1758 358 1802 runt,
388 1747 431 1792 in
463 1744 546 1790 suis
564 1741 807 1788 honoribus
832 1749 1112 1802 receperunt3
1141 1739 1227 1784 hoc
1253 1750 1366 1785 certe
1395 1741 1613 1786 occultare

238 1836 327 1865 non
350 1830 545 1882 possunt.

305 1893 443 1938 XXX.
480 1911 499 1932 «
522 1891 578 1936 At
597 1887 695 1932 haec
713 1922 724 1940 ‚
750 1880 985 1944 inquiunt,
1014 1896 1096 1942 pro
1120 1895 1227 1941 pace
1249 1896 1336 1924 non
1358 1881 1609 1937 maculant,

241 1974 281 2009 et
303 1963 469 2008 bonum
482 1971 543 2007 est
554 1960 735 2019 rigorem
756 1950 991 1999 severitatis
1004 1949 1057 1995 ad
1075 1949 1411 1995 misericordiam
1426 1951 1595 1997 flectere

242 2044 291 2079 ut
330 2032 472 2078 denuo
512 2029 621 2075 rami
653 2024 779 2072 fracti
810 2023 1066 2068 inserantur.
1097 2040 1116 2061 »
1154 2020 1219 2064 Ita
1251 2037 1350 2079 ergo
1376 2031 1465 2067 tota
1489 2040 1615 2068 causa

242 2102 540 2156 concluditur,
573 2099 687 2145 victa
709 2097 753 2141 in
770 2093 871 2147 11115,
899 2091 1061 2136 invicta
1079 2107 1159 2152 pro
1175 2090 1301 2135 nobis
1324 2108 1333 2134 ε
1363 2092 1466 2154 quia
1487 2093 1520 2138 si
1539 2109 1615 2139 no-

241 2192 342 2220 men
366 2172 486 2236 pacis
513 2170 564 2216 ad
590 2164 836 2214 tolerandos
854 2163 899 2207 in
926 2161 1158 2206 schismate
1186 2159 1318 2205 malos
1349 2161 1393 2206 in
1419 2162 1618 2225 qualem-

243 2260 428 2306 cumque
454 2240 655 2286 umbram
695 2230 952 2280 defensionis
993 2229 1220 2274 assumitur
1237 2266 1247 2283 ‚
1287 2231 1445 2292 procul
1482 2231 1619 2279 dubio

243 2331 345 2361 011111
364 2310 582 2357 horrendo
605 2306 758 2353 scelere
771 2314 812 2349 et
832 2302 920 2348 sine
942 2300 1029 2345 ulla
1054 2299 1298 2345 defensione
1315 2318 1392 2364 per
1412 2303 1619 2348 unitatem

245 2384 362 2430 orbis
383 2393 593 2427 terrarum
618 2395 714 2423 vera
740 2392 818 2438 pax
843 2373 935 2435 ipsa
955 2369 1152 2416 violatur.

308 2452 473 2497 XXXI.
524 2450 632 2494 Haec
652 2485 661 2503 ‚
700 2446 853 2491 fratres
870 2480 880 2498 ‚
923 2458 1023 2486 cum
1062 2440 1248 2503 impigra
1295 2443 1623 2490 mansuetudine

247 2522 412 2582 agenda
439 2531 479 2567 et
497 2515 782 2584 praedicanda
807 2513 986 2560 retinete
1008 2529 1018 2556 :
1047 2509 1212 2570 diligite
1236 2510 1460 2569 homines,
1488 2512 1625 2562 inter-

309 2604 392 2636 ¹Psal
427 2614 499 2641 xm,
518 2604 547 2633 3.
