1894 3154
295 290 348 318 nr,
386 287 602 318 BAI‘TtsMO
640 286 811 316 comat
851 286 1141 326 noxlxrlsrts,
1184 289 1266 317 rin.
1312 289 1340 318 r.
1435 271 1524 319 253

162 370 248 399 non
271 353 536 399 sinebantur.
569 352 692 396 Sicut
715 352 826 396 enim
855 351 899 395 in
923 350 996 395 illo
1021 351 1094 414 qui
1121 351 1247 395 lictus
1276 362 1525 408 accesserat,

162 425 210 469 lit
232 434 276 468 ut
312 440 396 468 non
420 422 561 468 denuo
586 421 854 483 baptizetur,
888 420 960 465 scd
996 420 1087 482 ipsa
1106 419 1176 482 pia
1200 420 1463 465 correctione
1486 431 1528 466 ct

161 494 301 539 veraci
327 492 589 538 confessione.
622 501 859 554 purgetur,
887 490 1002 553 quod
1025 508 1109 536 non
1143 501 1288 553 posset
1309 490 1397 535 sine
1413 490 1527 553 bap·

162 564 286 608 tisino
304 600 314 618 ,
351 574 399 608 ut
417 562 534 625 quod
567 572 663 608 ante
684 561 833 606 datum
856 572 941 616 est,
972 571 1073 606 tunc
1108 560 1246 605 valere
1268 560 1450 624 incipiat
1474 559 1529 606 ad

160 634 339 679 salutem
360 671 369 690 ,
390 650 488 679 cum
510 632 582 677 illa
603 633 721 677 fictio
746 632 887 677 veraci
910 631 1171 677 confessione
1195 631 1411 677 recesserit
1433 649 1443 676 ε
1467 631 1528 678 sic

159 704 287 749 etiam
313 704 388 748 iste
406 703 482 766 qui
500 702 717 765 baptisma
737 702 924 757 Christi,
956 701 1074 765 quod
1094 719 1178 746 non
1200 701 1432 747 amiserunt
1450 701 1528 765 qui

159 791 201 819 se
221 783 525 838 separaverunt
544 809 554 828 ,
586 766 786 819 inimicus
806 773 1032 818 charitatis
1055 782 1096 817 et
1118 773 1238 835 pacis
1258 772 1422 817 Christi
1443 809 1455 828 ,
1481 773 1526 818 in

160 844 304 907 aliqua
328 844 480 889 haeresi
505 853 579 888 aut
606 842 838 888 schismate
859 842 1028 905 accepit
1044 879 1055 898 ,
1084 859 1172 905 quo
1203 842 1407 901 sacrilego
1432 860 1527 888 scc-

159 913 246 960 lere
269 924 448 978 peccata
467 918 557 973 ejus
587 930 674 958 non
694 913 1030 958 dimittebantur
1047 949 1058 968 ,
1086 929 1187 958 cum
1206 930 1247 958 se
1270 915 1497 959 correxerit
1512 950 1524 970 ,

159 994 202 1030 et
226 984 279 1030 ad
304 984 505 1030 licclesiae
528 983 777 1029 societatem
797 983 1091 1046 unitatemque
1111 982 1300 1039 venerit,
1331 1000 1420 1029 non
1446 983 1531 1029 ite-

159 1070 255 1100 rum
281 1053 569 1118 baptizandus
587 1064 648 1099 est
665 1074 676 1108 3
697 1054 802 1117 quia
818 1054 911 1116 ipsa
935 1053 969 1098 ei
987 1052 1334 1099 reconciliatione
1352 1071 1402 1100 ac
1418 1071 1526 1117 pace

159 1135 391 1188 praestatur
409 1162 419 1181 ,
442 1135 489 1170 ut
507 1124 560 1170 ad
581 1124 866 1170 remissionem
887 1133 1166 1187 peccatorum
1191 1126 1281 1183 ejus
1303 1124 1348 1169 in
1366 1126 1530 1172 unitate

154 1198 244 1254 jam
266 1195 466 1258 prodesse
491 1195 674 1258 incipiat
704 1206 1019 1240 sacramentum
1040 1231 1049 1246 ,
1082 1194 1201 1258 quod
1232 1206 1459 1259 acceptum
1482 1196 1528 1242 in

158 1265 389 1311 schismate
406 1266 607 1329 prodesse
634 1283 719 1311 non
744 1276 924 1329 poterat.

223 1337 344 1382 mx.
377 1337 421 1381 Si
446 1347 586 1382 autem
623 1336 835 1391 dixerint,
869 1337 913 1381 in
941 1336 1015 1381 illo
1058 1336 1134 1399 qui
1168 1336 1294 1381 fictus
1325 1337 1526 1395 accessit,

158 1422 238 1469 per
260 1417 452 1452 sanctam
475 1407 560 1451 vim
586 1406 692 1451 tanti
711 1406 964 1451 sacramenti
984 1406 1157 1451 dimissa
1174 1406 1349 1469 quidem
1369 1407 1431 1452 illi
1445 1425 1531 1453 esse

160 1487 339 1539 peccata
361 1476 404 1521 in
429 1477 523 1540 ipso
547 1476 749 1539 temporis
773 1487 965 1539 puncto,
995 1476 1067 1521 scd
1094 1494 1172 1538 per
1199 1477 1414 1522 fictionem
1440 1480 1531 1536 ejus

160 1545 331 1591 rediisse
349 1548 557 1592 continuo
580 1564 590 1591 ε
623 1557 667 1592 ut
688 1547 874 1609 Spiritus
898 1557 1071 1591 sanctus
1094 1558 1134 1592 et
1167 1546 1355 1592 adfuerit
1378 1547 1531 1611 bapti-

160 1626 253 1661 zato
280 1627 328 1661 ut
356 1627 532 1680 peccata
571 1616 839 1671 recederent,
881 1627 924 1661 et
953 1616 1313 1678 perseverantiam
1345 1617 1532 1662 fictionis

161 1687 316 1746 fugerit
341 1697 388 1732 ut
414 1687 628 1739 redirent3
656 1698 700 1732 ut
723 1698 764 1732 et
787 1687 896 1731 illud
915 1703 1061 1731 verum
1084 1686 1137 1731 sit
1160 1704 1169 1731 :
1199 1707 1219 1727 «
1243 1687 1469 1750 Quotquot
1484 1687 1530 1733 in

162 1779 182 1799 »
203 1757 382 1803 Christo
404 1757 611 1820 baptizati
628 1758 746 1813 estis,
774 1757 999 1802 Christum
1020 1755 1271 1810 induistis13
1290 1779 1309 1799 ›>
1326 1767 1368 1802 et
1383 1756 1522 1802 illud:

162 1847 181 1868 a
206 1827 394 1890 Spiritus
417 1828 528 1873 enim
554 1838 725 1874 sanctus
749 1827 993 1890 disciplinae
1010 1826 1181 1886 effugiet
1202 1827 1388 1872 fictum2
1413 1845 1424 1871 ι
1446 1848 1467 1869 »
1484 1827 1531 1873 id

161 1907 248 1953 est,
290 1908 405 1943 utet
439 1897 592 1943 induat
625 1915 722 1943 eum
766 1897 944 1942 Christo
981 1897 1185 1942 sanctitas
1227 1897 1462 1960 baptismi,
1489 1907 1531 1943 et

162 1978 283 2013 exuat
303 1984 400 2013 eum
424 1968 599 2014 Christo
622 1967 833 2032 pernicies
855 1966 1041 2014 fictionis
1062 1984 1073 2011 ε
1099 1966 1211 2013 sicut
1228 1968 1277 2012 fit
1296 1984 1394 2013 cum
1415 1968 1525 2031 quis·

161 2054 246 2101 que
264 2056 286 2082 a
309 2038 493 2083 tenebris
522 2056 600 2101 per
624 2039 764 2084 lucem
787 2038 940 2084 transit
958 2037 1012 2082 ad
1039 2037 1258 2094 tenebras,
1284 2038 1400 2083 oculi
1426 2040 1531 2101 qui-

162 2107 260 2153 dem
284 2111 376 2168 ejus
401 2108 444 2153 in
471 2109 666 2155 tenebras
691 2120 904 2172 perpetuo
925 2107 1175 2167 diriguntur
1192 2145 1203 2163 ,
1236 2107 1309 2153 sed
1330 2124 1417 2153 non
1444 2125 1531 2171 po-

163 2188 242 2222 test
260 2177 329 2222 lux
347 2178 427 2223 nisi
442 2178 699 2241 perfundere
716 2189 1021 2225 transeuntem.
1045 2178 1089 2222 Si
1107 2177 1193 2223 hoc
1210 2194 1309 2237 ergo
1327 2177 1527 2235 dixerint,

163 2247 249 2292 hoc
268 2248 394 2292 etiam
416 2248 458 2293 in
478 2248 536 2293 eis
559 2248 802 2309 intelligant
823 2248 912 2293 fieri
932 2285 942 2303 ,
964 2247 1040 2310 qui
1060 2257 1174 2292 extra
1197 2246 1401 2292 Ecclesiae
1418 2264 1535 2294 com-

163 2317 411 2363 munionem
434 2356 444 2374 ,
468 2319 538 2364 sed
565 2330 704 2365 tamen
724 2320 986 2383 baptismate
1016 2317 1218 2362 Ecclesiae
1233 2317 1529 2381 baptizantur,

164 2388 282 2449 quod
314 2388 579 2452 ubicumque
603 2389 757 2454 fueriti,
795 2399 990 2434 sanctum
1025 2397 1087 2432 est
1115 2404 1193 2450 per
1223 2405 1264 2433 se
1286 2389 1430 2451 ipsum
1460 2407 1470 2435 t
1495 2400 1536 2436 et

163 2457 260 2502 ideo
278 2475 364 2503 non
389 2469 449 2504 est
465 2477 615 2505 eorum
634 2461 711 2524 qui
733 2477 774 2504 sc
805 2469 1034 2521 separant,
1062 2457 1135 2503 sed
1157 2460 1245 2517 ejus
1267 2459 1382 2505 unde
1403 2477 1444 2506 se
1469 2478 1538 2506 se-

165 2539 349 2591 parant:
377 2529 489 2575 valet
518 2540 659 2575 tamen
684 2539 726 2574 et
749 2528 866 2592 apud
889 2546 957 2575 cos
987 2528 1224 2585 hactenus,
1256 2539 1305 2575 ut
1337 2547 1416 2594 per
1446 2534 1538 2592 ejus

214 2614 224 2638 ¹
242 2611 346 2646 Galat.
365 2622 415 2651 rr,
427 2623 488 2652 25.
507 2631 546 2636 —-
564 2610 580 2633 2
598 2615 673 2655 Sap.
701 2624 728 2650 r,
750 2614 780 2643 5.
