1894 3154
316 243 409 291 368
734 257 770 289 5.
813 253 1056 287 ,1060511111
1092 253 1298 287 11156011

313 325 564 372 columbam
577 362 588 381 ‚
611 321 680 371 vel
698 322 896 370 nondum
917 323 1189 387 pertineant3
1216 331 1258 367 et
1275 320 1376 367 foris
1393 320 1478 367 sint
1493 321 1658 370 mortui
1676 360 1688 379 ,

315 396 393 461 qui
415 394 681 442 manifestius
701 394 757 440 ad
780 412 873 441 eam
893 394 960 442 vel
978 411 1065 441 non
1096 392 1365 457 pertineant,
1400 392 1469 440 vel
1495 393 1691 439 nordum

314 467 585 531 pertineant;
622 482 858 530 verumque
893 465 947 510 sit
974 487 995 507 c<
1024 465 1123 510 Non
1151 480 1272 527 posse
1311 464 1367 509 ab
1398 481 1447 509 eo
1478 464 1693 510 vivificari

317 538 499 584 alterum
519 575 529 594 ,
556 538 632 601 qui
652 538 742 600 ipse
768 554 856 581 non
890 535 1000 582 vivit
1021 553 1031 579 :
1051 556 1071 576 ›>
1110 534 1387 580 manifestum
1419 545 1481 579 est
1510 552 1581 579 eos
1617 534 1692 596 qui

315 607 430 653 intus
449 625 472 652 a
492 608 652 652 talibus
670 606 976 669 baptizantur,
999 604 1034 650 si
1052 620 1154 651 vera
1174 603 1450 650 conversione
1467 604 1608 649 cordis
1626 621 1694 649 ac-

318 678 479 723 cedunt
496 715 508 734 ,
547 678 603 722 ab
639 695 688 723 eo
709 676 922 723 vivificari
945 679 1070 736 cujus
1096 685 1158 721 est
1179 675 1436 738 baptismus.
1470 675 1515 720 Si
1549 686 1692 720 autem

317 747 477 794 saeculo
500 747 642 794 verbis
663 758 704 792 et
721 763 810 792 non
826 745 952 792 factis
969 746 1220 792 renuntiant
1237 782 1247 801 ,
1279 745 1426 808 quales
1447 745 1693 807 Cyprianus

317 828 358 864 et
379 818 495 864 intus
511 835 597 863 esse
617 827 822 871 testatur3
850 834 928 862 nec
952 816 1068 879 ipsos
1088 815 1303 862 vivificari
1330 815 1411 861 nisi
1432 825 1694 860 convertan—

315 900 415 945 tur,
443 899 486 935 et
520 899 665 934 tamen
698 904 849 934 verum
886 887 1050 934 habere
1078 886 1373 950 baptismum,
1412 885 1576 931 etiamsi
1605 902 1694 931 non

317 970 638 1006 convertantur.
677 958 803 1003 [nde
833 958 960 1003 etiam
990 959 1215 1003 exteriores
1243 967 1462 1010 mortuos,
1494 955 1693 1020 quamvis

318 1052 339 1072 «
359 1031 510 1093 Neque
530 1029 602 1075 vix
606 1039 680 1074 ant
698 1046 873 1092 ,neque
898 1029 1147 1083 vixificent,
1170 1048 1190 1069 >2
1218 1028 1380 1072 habere
1405 1038 1547 1072 tamen
1573 1027 1692 1088 bap-

317 1100 494 1145 tismum
517 1117 692 1154 11111111
719 1099 795 1162 qui
821 1099 878 1143 eis
900 1108 1006 1143 tunc
1026 1097 1166 1160 prosit
1196 1096 1251 1141 ad
1269 1097 1432 1153 11111111,
1458 1097 1490 1141 si
1509 1113 1695 1142 conver-

318 1182 470 1216 tantur
498 1170 552 1215 ad
572 1187 754 1233 pacem,
778 1169 972 1214 similiter
995 1168 1272 1214 manifestum
1292 1178 1367 1214 est.

378 1241 514 1287 XXV.
541 1241 823 1303 Quapropter
839 1239 915 1302 qui
940 1249 1046 1284 tunc
1068 1239 1123 1284 ab
1150 1238 1388 1283 haeresibus
1413 1237 1628 1283 venientes
1648 1237 1693 1282 in

313 1311 466 1357 eodem
489 1310 652 1355 Christi
671 1310 891 1372 baptismo
914 1325 1045 1372 quem
1079 1307 1182 1353 foris
1209 1318 1465 1371 acceperant
1492 1307 1696 1371 suscipie-

314 1381 441 1437 bant,
467 1391 507 1426 et
527 1380 732 1425 dicebant
751 1400 770 1420 α
793 1382 846 1424 Se
866 1389 1050 1425 veterem
1068 1378 1424 1424 consuetudinem
1442 1379 1578 1442 sequi,
1597 1400 1617 1420 n
1642 1379 1695 1424 si-

316 1462 391 1497 cut
405 1452 530 1496 etiam
551 1467 668 1495 nunc
681 1450 870 1512 suscepit
885 1448 1075 1493 Ecclesia
1096 1466 1106 1493 :
1129 1448 1288 1493 frustra
1316 1460 1467 1493 contra
1483 1466 1553 1494 eos
1571 1448 1695 1494 dice-

314 1522 447 1568 batur
485 1520 602 1584 apud
630 1531 790 1565 veteres
810 1520 992 1564 haereses
1017 1529 1058 1564 et
1088 1518 1348 1564 schismata1
1379 1520 1521 1582 prima
1549 1519 1696 1565 adhuc

313 1592 441 1639 fuisse
465 1591 606 1646 initia,
631 1601 680 1635 ut
699 1590 746 1636 hi
764 1589 854 1635 illic
878 1599 1014 1634 essent
1035 1589 1182 1652 quide
1204 1589 1394 1634 Ecclesia
1415 1589 1692 1646 recedebant,

316 1674 358 1709 et
391 1664 466 1709 hic
500 1661 713 1725 baptizati
748 1660 872 1723 prius
892 1659 1079 1715 fuerant,
1107 1676 1215 1724 quos
1242 1670 1348 1705 tunc
1375 1659 1428 1704 ad
1457 1660 1695 1706 Ecclesiam

313 1744 572 1781 revertentes
596 1742 638 1777 et
649 1730 956 1795 poenitentiam
975 1740 1162 1789 agentes,
1186 1747 1352 1776 necesse
1375 1747 1462 1775 non
1481 1742 1571 1776 erat
1585 1730 1695 1793 bap-

315 1806 452 1854 tizari.
484 1803 639 1850 Statim
665 1802 780 1847 enim
801 1811 849 1846 ut
868 1817 1144 1863 unaquaeque
1168 1800 1344 1845 haeresis
1368 1800 1590 1855 existebat,
1614 1811 1654 1845 et
1673 1817 1696 1844 a

315 1874 645 1934 congregatione
671 1870 900 1917 catholicae
924 1870 1245 1916 communionis
1277 1871 1419 1916 exibat
1438 1908 1449 1927 ,
1477 1888 1564 1916 non
1597 1870 1695 1916 dico

318 1945 401 1990 alio
420 1945 506 2001 die,
535 1943 608 1989 sed
628 1952 669 1987 et
688 1943 783 2004 ipso
823 1940 891 1985 die
929 1951 1100 2003 poterat
1129 1941 1342 1985 irruentes
1366 1942 1411 1985 in
1454 1959 1495 1986 se
1529 1941 1694 2003 aliquos

314 2015 552 2078 baptizare.
580 2014 636 2059 Et
658 2012 755 2058 ideo
782 2010 816 2056 si
845 2020 967 2056 vetus
998 2011 1096 2055 liaec
1126 2020 1217 2054 erat
1237 2010 1535 2067 consuetudo,
1565 2021 1612 2055 ut
1633 2011 1694 2056 sic

314 2086 654 2148 susciperentur,
678 2080 839 2144 (Quod
857 2097 936 2125 nec
960 2080 1043 2143 ipsi
1062 2080 1138 2142 qui
1153 2090 1303 2124 contra
1325 2079 1592 2125 disserebant
1615 2098 1694 2125 ne-

314 2173 412 2216 gare
431 2154 716 2219 potuerunt),
761 2151 870 2197 nulli
889 2151 1022 2213 paulo
1052 2151 1256 2196 attentius
1293 2150 1534 2197 advertenti
1554 2161 1695 2214 potest

314 2244 400 2271 esse
419 2226 625 2281 dubium,
649 2223 778 2268 etiam
793 2238 861 2268 eos
878 2220 937 2266 sic
955 2238 1040 2267 esse
1056 2231 1293 2283 susceptos,
1311 2221 1387 2285 qui
1402 2220 1504 2267 foris
1531 2222 1575 2267 in
1596 2222 1691 2268 1166-

315 2296 482 2342 resibus
504 2293 716 2358 baptizati
735 2303 849 2338 sunt.

379 2365 539 2413 XXVI.
587 2364 702 2410 Illud
733 2374 876 2410 autem
914 2362 1022 2426 quid
1050 2362 1212 2408 habeat
1234 2362 1414 2408 rationis
1432 2380 1519 2408 non
1543 2363 1690 2420 video,

313 2449 362 2485 ut
387 2459 407 2479 «
429 2435 627 2482 nondum
651 2435 826 2481 dicatur
850 2433 940 2481 ovis
959 2450 1122 2490 errans,
1144 2455 1164 2474 »
1190 2433 1260 2479 cui
1285 2434 1496 2496 quaerenti
1514 2433 1694 2479 salutem

312 2509 593 2558 christianam
613 2545 623 2561 ‚
650 2507 697 2553 in
716 2505 1028 2552 haereticorum
1065 2504 1257 2553 incidere
1280 2522 1484 2564 errorem,
1505 2516 1546 2551 et
1571 2504 1690 2569 apud

359 2594 370 2619 ¹
386 2595 480 2626 Forte
495 2590 626 2626 haeresis
645 2595 677 2624 et
689 2588 909 2624 schismatum.
