1894 3154
291 391 347 422 DE
382 389 602 421 BAPTISMO
637 388 814 419 CONTRA
849 388 1141 430 DONATISTAS,
1181 390 1268 422 ΠΒ.
1313 392 1373 423 lv.
1448 377 1541 424 393

162 457 402 521 inspirante
421 456 609 501 Domino
625 455 965 518 conscriPsimus
978 491 990 511 ,
1010 471 1142 519 quem
1163 455 1217 501 ad
1236 466 1276 502 te
1294 474 1376 520 pro
1394 469 1548 505 mutua

165 528 393 574 dilectione
415 525 744 572 transmisimus.
771 546 793 566 »

228 598 331 645 XII.
374 597 469 643 Hac
488 595 559 642 ille
579 595 806 641 charitatis
824 595 1033 657 patientia
1053 594 1275 653 toleravit,
1297 614 1386 643 non
1405 598 1544 643 solum

165 667 212 712 in
237 665 424 712 obscura
447 665 684 729 quaestione
713 665 852 711 bonos
877 664 1059 725 collegas
1084 682 1170 712 non
1196 667 1405 714 malevole
1429 668 1547 714 aliud

165 736 418 793 sentientes,
454 737 565 782 sicut
602 747 643 781 et
675 736 767 800 ipse
805 734 1007 781 toleratus
1039 746 1127 792 est,
1170 736 1310 783 donec
1344 756 1549 802 processu

170 807 373 870 temporis
405 806 693 852 saluberrima
727 805 996 852 consuetudo
1027 805 1203 870 quando
1237 808 1353 853 Deus
1381 809 1546 865 voluit,

167 877 296 922 etiam
332 877 550 923 declarata
584 877 790 933 veritate,
830 876 1022 940 plenario
1059 877 1245 922 concilio
1271 880 1550 933 firmaretur3

169 946 241 992 sed
262 948 389 992 etiam
411 947 546 992 malos
572 946 818 992 manifestos
847 946 1018 1008 sibique
1048 947 1294 992 notissimos
1311 985 1321 1003 ‚
1355 950 1432 1012 qui
1465 967 1553 995 non

170 1018 433 1063 obscuritate
457 1018 707 1081 quaestionis
729 1017 852 1063 aliter
877 1017 1129 1080 sapiebant,
1156 1018 1227 1063 sed
1249 1019 1434 1082 perditae
1455 1025 1557 1067 vitae

170 1088 365 1134 moribus
385 1099 537 1134 contra
563 1105 691 1151 quam
715 1087 1024 1151 praedicabant
1042 1086 1286 1144 faciebant,
1313 1091 1424 1136 sicut
1448 1092 1555 1138 dicit

173 1157 226 1203 de
265 1158 351 1203 illis
394 1158 627 1221 Apostolus
659 1176 669 1202 z
706 1180 726 1199 «
754 1158 843 1214 Qui
887 1157 1104 1220 praedicas
1147 1176 1235 1204 non
1279 1160 1515 1207 furandum
1543 1201 1552 1218 ‚

174 1227 372 1273 »furaris
389 1228 422 1275 1.
447 1250 467 1270 2>
494 1230 556 1274 De
577 1228 739 1273 talibus
768 1228 882 1273 enim
901 1264 912 1282 ‚
939 1237 981 1272 et
1005 1227 1084 1272 iste
1111 1229 1175 1273 sui
1203 1231 1408 1293 temporis
1439 1234 1558 1295 cpis-

160 1297 296 1360 .copis
319 1298 404 1342 suis
426 1298 598 1357 collegis
613 1335 623 1353 ,
645 1309 686 1342 ct
713 1314 858 1342 secum
874 1299 918 1342 in
945 1300 1252 1345 communione
1281 1303 1556 1350 manentibus

175 1368 220 1412 in
238 1368 431 1430 Epistola
443 1386 517 1414 sua
531 1368 665 1414 (licit2
686 1386 695 1413 :
719 1389 736 1409 α
754 1368 1056 1413 Esurientibus
1076 1368 1119 1413 in
1144 1370 1334 1416 Ecclesia
1347 1371 1560 1419 fratribus

176 1438 338 1484 habere
358 1450 582 1499 argentum
610 1439 786 1499 largiter
807 1438 915 1484 velle
929 1476 939 1494 ‚
973 1438 1132 1484 fundos
1159 1440 1372 1487 insidiosis
1391 1443 1560 1491 fraudi-

177 1509 261 1553 bus
284 1526 433 1573 rapere
449 1547 459 1565 ‚
485 1510 623 1555 usuris
642 1509 1044 1572 multiplicantibus
1063 1508 1207 1556 foenus
1235 1530 1401 1572 augere.
1431 1536 1450 1556 n
1475 1517 1560 1562 Hic

179 1573 292 1625 effi
316 1581 438 1626 nulla
473 1591 534 1625 est
563 1580 817 1644 quaestionis
849 1580 1117 1634 obscuritas,
1156 1594 1303 1644 aperte
1334 1585 1562 1648 Scriptura

181 1650 338 1696 clamat
358 1668 367 1695 ε
390 1672 409 1691 κ
430 1651 577 1713 Neque
598 1650 738 1706 avari,
769 1666 909 1712 neque
930 1667 1108 1712 rapaces
1127 1669 1307 1711 regumn
1329 1655 1408 1699 Dei
1427 1658 1563 1718 possi-

182 1742 202 1762 »
222 1720 424 1766 debunt3
446 1738 456 1765 ε
482 1743 501 1762 »
529 1732 595 1776 et,
629 1741 648 1761 α
676 1720 765 1776 Qui
801 1720 1036 1782 pecuniam
1070 1738 1193 1767 suam
1227 1723 1347 1770 dedit
1378 1726 1422 1770 in
1459 1744 1565 1773 usu-

184 1812 205 1832 »
225 1808 317 1836 ram
331 1790 348 1818 Δ
365 1812 385 1832 ³>
408 1802 470 1845 et,
500 1813 519 1832 «
539 1791 694 1836 Omnis
717 1790 956 1835 fornicator
974 1801 1016 1835 et
1039 1791 1293 1839 immundus
1312 1805 1352 1840 et
1376 1813 1528 1843 avarus
1547 1836 1557 1851 ‚

186 1882 206 1902 ))
224 1860 343 1924 quod
365 1872 427 1906 est
448 1860 668 1906 idolorum
694 1860 875 1906 servitus
892 1897 903 1915 ‚
931 1878 1018 1906 non
1038 1861 1174 1907 habet
1200 1863 1500 1912 haereditatem
1519 1868 1565 1913 in

187 1952 207 1972 >1
227 1948 357 1990 regno
377 1931 539 1977 Christi
564 1942 604 1977 et
628 1931 708 1976 Dei
723 1930 755 1976 5.
781 1952 801 1972 »
822 1930 946 1976 'sales
970 1948 1069 1990 ergo
1103 1949 1252 1979 avaros
1274 1935 1346 1981 ille
1365 1973 1376 1992 ,
1404 1947 1453 1982 ut
1477 1955 1565 1984 non

186 2000 326 2046 solum
347 2018 422 2047 sua
445 2002 607 2065 cupide
626 2001 988 2056 thesaurizarent,
1010 2001 1082 2047 sed
1099 2013 1140 2048 et
1163 2003 1298 2050 aliena
1315 2005 1566 2054 fraudulen-

191 2082 253 2116 ter
270 2072 505 2135 eriperent,
528 2073 630 2118 tales
647 2072 896 2118 idololatras
914 2072 1026 2117 sicut
1044 2084 1085 2118 et
1108 2074 1198 2137 ipse
1217 2075 1417 2136 intelligit
1438 2090 1568 2142 atque

188 2143 436 2199 convincit,
457 2161 546 2188 non
570 2144 721 2206 utique
749 2153 944 2203 argueret
970 2144 1053 2188 nisi
1088 2156 1242 2192 nosset.
1282 2147 1432 2211 Neque
1452 2151 1567 2196 enim

189 2212 392 2258 adversus
429 2214 710 2276 coepiscopos
738 2230 835 2262 suos
866 2212 1022 2258 salsum
1059 2214 1349 2261 testimonium
1386 2217 1562 2267 diceret.

191 2284 246 2327 Et
269 2293 409 2328 tamen
434 2301 504 2329 eos
530 2295 711 2347 propter
732 2284 957 2330 Christum
977 2284 1050 2347 qui
1071 2302 1152 2347 pro
1170 2286 1354 2333 infirmis
1371 2300 1569 2336 mortuus

191 2363 251 2398 est
267 2390 277 2409 ‚
301 2370 355 2398 ne
377 2364 475 2399 ante
491 2365 663 2418 tempus
687 2354 913 2400 eradicatis
936 2355 1107 2400 zizaniis
1129 2356 1258 2402 simul
1277 2359 1570 2407 eradicaretur

191 2433 234 2467 et
258 2423 500 2479 triticum⁶‚
534 2435 729 2488 paternae
752 2435 805 2469 et
841 2435 1048 2470 maternae
1082 2425 1308 2473 charitatis
1333 2431 1571 2478 visceribus

197 2491 418 2538 toleravit:
444 2493 635 2540 imitatus
659 2495 810 2557 utique
837 2494 1024 2541 Paulum
1049 2497 1291 2560 apostolum
1307 2536 1319 2556 ,
1360 2501 1437 2564 qui
1477 2519 1567 2549 ma-

241 2592 253 2614 ¹
279 2595 372 2625 Rom.
399 2604 438 2632 11,
463 2601 516 2625 21.
543 2612 590 2618 —
614 2593 630 2616 2
654 2594 784 2637 Epistol.
800 2605 853 2626 seu
868 2597 967 2626 Serm.
986 2595 1026 2627 de
1049 2597 1210 2639 lapsis.—-
1227 2595 1242 2620 3
1263 2610 1275 2629 1
1298 2601 1374 2633 Cor.
1391 2612 1434 2639 vx,
1459 2613 1509 2635 10.
1525 2619 1571 2625 --

194 2643 210 2668 ⁴
225 2645 306 2679 Psal.
326 2656 396 2685 xxv,
416 2647 445 2678 5.
465 2665 509 2672 —-
522 2644 536 2668 5
550 2647 666 2691 Ephes.
686 2659 717 2686 v,
736 2649 768 2681 5.
787 2664 834 2671 -
849 2645 863 2670 ⁶
880 2649 999 2682 Mauh.
1019 2660 1097 2688 χιιι,
1113 2661 1169 2690 29-

1364 2738 1438 2770 21.
