<?xml version="1.0" encoding="UTF-8"?>
<!DOCTYPE html PUBLIC "-//W3C//DTD XHTML 1.0 Transitional//EN"
    "http://www.w3.org/TR/xhtml1/DTD/xhtml1-transitional.dtd">
<html xmlns="http://www.w3.org/1999/xhtml" xml:lang="en" lang="en">
 <head>
  <title>
</title>
<meta http-equiv="Content-Type" content="text/html;charset=utf-8" />
  <meta name='ocr-system' content='tesseract 3.04.00' />
  <meta name='ocr-capabilities' content='ocr_page ocr_carea ocr_par ocr_line ocrx_word'/>
</head>
<body>
  <div class='ocr_page' id='page_1' title='image "./operaomniaaccura31auguuoft_0347.png"; bbox 0 0 1894 3154; ppageno 0'>
   <div class='ocr_carea' id='block_1_1' title="bbox 252 283 1491 348">
    <p class='ocr_par' dir='ltr' id='par_1_1' title="bbox 252 283 1491 348">
     <span class='ocr_line' id='line_1_1' title="bbox 252 283 1491 348; baseline 0.002 -19"><span class='ocrx_word' id='word_1_1' title='bbox 252 298 308 331; x_wconf 81' lang='lat' dir='ltr'>DE</span> <span class='ocrx_word' id='word_1_2' title='bbox 344 295 563 330; x_wconf 73' lang='lat' dir='ltr'>BAPTlsMo</span> <span class='ocrx_word' id='word_1_3' title='bbox 598 292 773 328; x_wconf 75' lang='lat' dir='ltr'><strong>CONTRA</strong></span> <span class='ocrx_word' id='word_1_4' title='bbox 805 290 1096 336; x_wconf 76' lang='lat' dir='ltr'>DONA&#39;rtsTAs,</span> <span class='ocrx_word' id='word_1_5' title='bbox 1134 297 1221 330; x_wconf 76' lang='lat' dir='ltr'>Lm.</span> <span class='ocrx_word' id='word_1_6' title='bbox 1263 299 1322 331; x_wconf 90' lang='lat' dir='ltr'>1v.</span> <span class='ocrx_word' id='word_1_7' title='bbox 1399 283 1491 348; x_wconf 82' lang='lat'>337</span> 
     </span>
    </p>
   </div>
   <div class='ocr_carea' id='block_1_2' title="bbox 123 360 1519 2611">
    <p class='ocr_par' dir='ltr' id='par_1_2' title="bbox 123 360 1508 830">
     <span class='ocr_line' id='line_1_2' title="bbox 125 360 1492 427; baseline 0.001 -17"><span class='ocrx_word' id='word_1_8' title='bbox 125 364 290 410; x_wconf 87' lang='lat' dir='ltr'>unitate</span> <span class='ocrx_word' id='word_1_9' title='bbox 306 362 476 427; x_wconf 82' lang='lat' dir='ltr'>praecisi</span> <span class='ocrx_word' id='word_1_10' title='bbox 491 378 579 407; x_wconf 91' lang='lat' dir='ltr'>non</span> <span class='ocrx_word' id='word_1_11' title='bbox 602 360 808 420; x_wconf 84' lang='lat' dir='ltr'>colligant</span> <span class='ocrx_word' id='word_1_12' title='bbox 831 377 931 406; x_wconf 87' lang='lat' dir='ltr'>cum</span> <span class='ocrx_word' id='word_1_13' title='bbox 950 361 1143 418; x_wconf 77' lang='lat' dir='ltr'>Christo,</span> <span class='ocrx_word' id='word_1_14' title='bbox 1165 363 1237 408; x_wconf 88' lang='lat' dir='ltr'>sed</span> <span class='ocrx_word' id='word_1_15' title='bbox 1259 376 1463 427; x_wconf 75' lang='lat' dir='ltr'>spargant</span> <span class='ocrx_word' id='word_1_16' title='bbox 1481 384 1492 410; x_wconf 74' lang='grc' dir='ltr'>ε</span> 
     </span>
     <span class='ocr_line' id='line_1_3' title="bbox 125 430 1500 498; baseline 0.001 -18"><span class='ocrx_word' id='word_1_17' title='bbox 125 435 228 498; x_wconf 84' lang='lat' dir='ltr'>quia</span> <span class='ocrx_word' id='word_1_18' title='bbox 252 443 391 497; x_wconf 85' lang='lat' dir='ltr'>potest</span> <span class='ocrx_word' id='word_1_19' title='bbox 411 432 566 489; x_wconf 75' lang='lat' dir='ltr'>nobis,</span> <span class='ocrx_word' id='word_1_20' title='bbox 587 431 618 476; x_wconf 89' lang='lat' dir='ltr'>si</span> <span class='ocrx_word' id='word_1_21' title='bbox 647 430 862 476; x_wconf 84' lang='lat' dir='ltr'>frumenta</span> <span class='ocrx_word' id='word_1_22' title='bbox 887 431 1118 477; x_wconf 85' lang='lat' dir='ltr'>Dominiea</span> <span class='ocrx_word' id='word_1_23' title='bbox 1148 450 1295 479; x_wconf 86' lang='lat' dir='ltr'>sumus</span> <span class='ocrx_word' id='word_1_24' title='bbox 1318 472 1329 490; x_wconf 82' lang='grc'>,</span> <span class='ocrx_word' id='word_1_25' title='bbox 1370 435 1500 481; x_wconf 81' lang='lat' dir='ltr'>etiam</span> 
     </span>
     <span class='ocr_line' id='line_1_4' title="bbox 124 501 1500 564; baseline -0.001 -13"><span class='ocrx_word' id='word_1_26' title='bbox 124 505 239 550; x_wconf 90' lang='lat' dir='ltr'>intus</span> <span class='ocrx_word' id='word_1_27' title='bbox 264 521 363 550; x_wconf 89' lang='lat' dir='ltr'>cum</span> <span class='ocrx_word' id='word_1_28' title='bbox 382 502 534 557; x_wconf 80' lang='lat' dir='ltr'>avaris,</span> <span class='ocrx_word' id='word_1_29' title='bbox 563 518 665 547; x_wconf 90' lang='lat' dir='ltr'>cum</span> <span class='ocrx_word' id='word_1_30' title='bbox 685 501 953 564; x_wconf 67' lang='lat' dir='ltr'>raptoribus,</span> <span class='ocrx_word' id='word_1_31' title='bbox 978 519 1076 548; x_wconf 89' lang='lat' dir='ltr'>cum</span> <span class='ocrx_word' id='word_1_32' title='bbox 1097 502 1293 560; x_wconf 75' lang='lat' dir='ltr'>ebriosis,</span> <span class='ocrx_word' id='word_1_33' title='bbox 1313 514 1355 549; x_wconf 91' lang='lat' dir='ltr'>et</span> <span class='ocrx_word' id='word_1_34' title='bbox 1375 516 1500 550; x_wconf 79' lang='lat' dir='ltr'>caete-</span> 
     </span>
     <span class='ocr_line' id='line_1_5' title="bbox 123 572 1502 636; baseline 0 -15"><span class='ocrx_word' id='word_1_35' title='bbox 123 576 181 621; x_wconf 80' lang='lat' dir='ltr'>ris</span> <span class='ocrx_word' id='word_1_36' title='bbox 204 574 413 635; x_wconf 86' lang='lat' dir='ltr'>ejusmodi</span> <span class='ocrx_word' id='word_1_37' title='bbox 434 573 647 636; x_wconf 72' lang='lat' dir='ltr'>pestibus,</span> <span class='ocrx_word' id='word_1_38' title='bbox 677 572 729 617; x_wconf 88' lang='lat' dir='ltr'>de</span> <span class='ocrx_word' id='word_1_39' title='bbox 747 572 909 636; x_wconf 85' lang='lat' dir='ltr'>quibus</span> <span class='ocrx_word' id='word_1_40' title='bbox 930 573 1093 618; x_wconf 88' lang='lat' dir='ltr'>dicitur</span> <span class='ocrx_word' id='word_1_41' title='bbox 1114 611 1125 630; x_wconf 81' lang='grc'>,</span> <span class='ocrx_word' id='word_1_42' title='bbox 1149 596 1168 615; x_wconf 77' lang='grc' dir='ltr'>α</span> <span class='ocrx_word' id='word_1_43' title='bbox 1186 576 1387 635; x_wconf 78' lang='lat' dir='ltr'>Regnum</span> <span class='ocrx_word' id='word_1_44' title='bbox 1418 575 1502 621; x_wconf 87' lang='lat' dir='ltr'>Dei</span> 
     </span>
     <span class='ocr_line' id='line_1_6' title="bbox 125 641 1502 707; baseline 0.001 -18"><span class='ocrx_word' id='word_1_45' title='bbox 125 662 250 690; x_wconf 83' lang='lat' dir='ltr'>»non</span> <span class='ocrx_word' id='word_1_46' title='bbox 275 641 610 707; x_wconf 57' lang='lat' dir='ltr'>possidebuuffl,</span> <span class='ocrx_word' id='word_1_47' title='bbox 636 663 655 683; x_wconf 69' lang='lat'>&gt;³</span> <span class='ocrx_word' id='word_1_48' title='bbox 690 652 731 687; x_wconf 83' lang='lat' dir='ltr'>et</span> <span class='ocrx_word' id='word_1_49' title='bbox 761 643 1038 704; x_wconf 87' lang='lat' dir='ltr'>baptismatis</span> <span class='ocrx_word' id='word_1_50' title='bbox 1073 655 1389 690; x_wconf 86' lang='lat' dir='ltr'>sacramentum</span> <span class='ocrx_word' id='word_1_51' title='bbox 1415 663 1502 691; x_wconf 88' lang='lat' dir='ltr'>esse</span> 
     </span>
     <span class='ocr_line' id='line_1_7' title="bbox 128 712 1508 779; baseline 0.001 -20"><span class='ocrx_word' id='word_1_52' title='bbox 128 731 374 770; x_wconf 81' lang='lat' dir='ltr'>commune,</span> <span class='ocrx_word' id='word_1_53' title='bbox 399 724 601 759; x_wconf 88' lang='lat' dir='ltr'>ettamen</span> <span class='ocrx_word' id='word_1_54' title='bbox 632 712 737 759; x_wconf 79' lang='lat' dir='ltr'>vitia</span> <span class='ocrx_word' id='word_1_55' title='bbox 756 712 918 776; x_wconf 87' lang='lat' dir='ltr'>quibus</span> <span class='ocrx_word' id='word_1_56' title='bbox 943 731 965 758; x_wconf 94' lang='lat' dir='ltr'>a</span> <span class='ocrx_word' id='word_1_57' title='bbox 989 730 1121 774; x_wconf 86' lang='lat' dir='ltr'>regno</span> <span class='ocrx_word' id='word_1_58' title='bbox 1145 714 1226 760; x_wconf 88' lang='lat' dir='ltr'>Dei</span> <span class='ocrx_word' id='word_1_59' title='bbox 1251 726 1508 779; x_wconf 80' lang='lat' dir='ltr'>separantur</span> 
     </span>
     <span class='ocr_line' id='line_1_8' title="bbox 130 801 605 830; baseline -0.004 0"><span class='ocrx_word' id='word_1_60' title='bbox 130 801 219 830; x_wconf 90' lang='lat' dir='ltr'>non</span> <span class='ocrx_word' id='word_1_61' title='bbox 235 802 321 830; x_wconf 85' lang='lat' dir='ltr'>esse</span> <span class='ocrx_word' id='word_1_62' title='bbox 340 801 435 830; x_wconf 89' lang='lat' dir='ltr'>com</span> <span class='ocrx_word' id='word_1_63' title='bbox 444 801 481 829; x_wconf 90' lang='lat' dir='ltr'>m</span> <span class='ocrx_word' id='word_1_64' title='bbox 490 801 605 829; x_wconf 84' lang='lat' dir='ltr'>uma.</span> 
     </span>
    </p>

    <p class='ocr_par' dir='ltr' id='par_1_3' title="bbox 125 853 1519 2611">
     <span class='ocr_line' id='line_1_9' title="bbox 192 853 1507 919; baseline 0.001 -18"><span class='ocrx_word' id='word_1_65' title='bbox 192 855 328 901; x_wconf 71' lang='lat' dir='ltr'>XXV.</span> <span class='ocrx_word' id='word_1_66' title='bbox 361 855 510 918; x_wconf 66' lang='lat' dir='ltr'>Neque</span> <span class='ocrx_word' id='word_1_67' title='bbox 525 854 640 899; x_wconf 90' lang='lat' dir='ltr'>enim</span> <span class='ocrx_word' id='word_1_68' title='bbox 666 853 719 899; x_wconf 88' lang='lat' dir='ltr'>de</span> <span class='ocrx_word' id='word_1_69' title='bbox 744 854 841 899; x_wconf 86' lang='lat' dir='ltr'>solis</span> <span class='ocrx_word' id='word_1_70' title='bbox 866 853 1105 900; x_wconf 63' lang='lat' dir='ltr'>haeresibus</span> <span class='ocrx_word' id='word_1_71' title='bbox 1128 854 1236 902; x_wconf 86' lang='lat' dir='ltr'>dicit</span> <span class='ocrx_word' id='word_1_72' title='bbox 1259 857 1507 919; x_wconf 82' lang='lat' dir='ltr'>Apostolus,</span> 
     </span>
     <span class='ocr_line' id='line_1_10' title="bbox 131 924 1505 988; baseline 0.002 -18"><span class='ocrx_word' id='word_1_73' title='bbox 131 925 349 980; x_wconf 81' lang='lat' dir='ltr'>Quoniam</span> <span class='ocrx_word' id='word_1_74' title='bbox 375 926 451 988; x_wconf 92' lang='lat' dir='ltr'>qui</span> <span class='ocrx_word' id='word_1_75' title='bbox 474 924 576 970; x_wconf 86' lang='lat' dir='ltr'>talia</span> <span class='ocrx_word' id='word_1_76' title='bbox 596 934 745 983; x_wconf 79' lang='lat' dir='ltr'>agunt,</span> <span class='ocrx_word' id='word_1_77' title='bbox 769 941 949 983; x_wconf 84' lang='lat' dir='ltr'>regnum</span> <span class='ocrx_word' id='word_1_78' title='bbox 980 926 1064 969; x_wconf 81' lang='lat' dir='ltr'>Dei</span> <span class='ocrx_word' id='word_1_79' title='bbox 1088 942 1177 970; x_wconf 90' lang='lat' dir='ltr'>non</span> <span class='ocrx_word' id='word_1_80' title='bbox 1203 926 1505 988; x_wconf 82' lang='lat' dir='ltr'>possidebunt.</span> 
     </span>
     <span class='ocr_line' id='line_1_11' title="bbox 130 995 1512 1059; baseline 0.003 -19"><span class='ocrx_word' id='word_1_81' title='bbox 130 995 217 1040; x_wconf 82' lang='lat' dir='ltr'>Sed</span> <span class='ocrx_word' id='word_1_82' title='bbox 244 1013 333 1042; x_wconf 88' lang='lat' dir='ltr'>non</span> <span class='ocrx_word' id='word_1_83' title='bbox 356 996 503 1059; x_wconf 79' lang='lat' dir='ltr'>pigeat</span> <span class='ocrx_word' id='word_1_84' title='bbox 526 995 763 1059; x_wconf 88' lang='lat' dir='ltr'>paululum</span> <span class='ocrx_word' id='word_1_85' title='bbox 803 995 1023 1040; x_wconf 77' lang='lat' dir='ltr'>advertere</span> <span class='ocrx_word' id='word_1_86' title='bbox 1052 1012 1153 1058; x_wconf 59' lang='lat' dir='ltr'>quae</span> <span class='ocrx_word' id='word_1_87' title='bbox 1185 997 1315 1042; x_wconf 92' lang='lat' dir='ltr'>simul</span> <span class='ocrx_word' id='word_1_88' title='bbox 1339 1015 1512 1043; x_wconf 88' lang='lat' dir='ltr'>enume-</span> 
     </span>
     <span class='ocr_line' id='line_1_12' title="bbox 125 1066 1515 1131; baseline 0.002 -20"><span class='ocrx_word' id='word_1_89' title='bbox 125 1077 222 1112; x_wconf 84' lang='lat' dir='ltr'>ret:</span> <span class='ocrx_word' id='word_1_90' title='bbox 255 1088 275 1108; x_wconf 84' lang='lat'>«</span> <span class='ocrx_word' id='word_1_91' title='bbox 297 1066 522 1112; x_wconf 78' lang='lat' dir='ltr'>Manifesta</span> <span class='ocrx_word' id='word_1_92' title='bbox 541 1103 551 1122; x_wconf 84' lang='lat'>‚</span> <span class='ocrx_word' id='word_1_93' title='bbox 586 1066 758 1129; x_wconf 79' lang='lat' dir='ltr'>inquit,</span> <span class='ocrx_word' id='word_1_94' title='bbox 792 1076 895 1111; x_wconf 89' lang='lat' dir='ltr'>sunt</span> <span class='ocrx_word' id='word_1_95' title='bbox 932 1083 1063 1129; x_wconf 87' lang='lat' dir='ltr'>opera</span> <span class='ocrx_word' id='word_1_96' title='bbox 1097 1067 1262 1124; x_wconf 81' lang='lat' dir='ltr'>carnis,</span> <span class='ocrx_word' id='word_1_97' title='bbox 1289 1085 1389 1131; x_wconf 76' lang='lat' dir='ltr'>quae</span> <span class='ocrx_word' id='word_1_98' title='bbox 1414 1078 1515 1114; x_wconf 86' lang='lat' dir='ltr'>sunt</span> 
     </span>
     <span class='ocr_line' id='line_1_13' title="bbox 127 1136 1510 1196; baseline 0.003 -15"><span class='ocrx_word' id='word_1_99' title='bbox 127 1158 148 1179; x_wconf 82' lang='grc'>&gt;)</span> <span class='ocrx_word' id='word_1_100' title='bbox 167 1137 487 1192; x_wconf 77' lang='lat' dir='ltr'>fornicationes,</span> <span class='ocrx_word' id='word_1_101' title='bbox 512 1136 822 1193; x_wconf 63' lang='lat' dir='ltr'>immunditiae,</span> <span class='ocrx_word' id='word_1_102' title='bbox 849 1136 1047 1194; x_wconf 74' lang='lat' dir='ltr'>luxuriae,</span> <span class='ocrx_word' id='word_1_103' title='bbox 1070 1136 1289 1183; x_wconf 84' lang='lat' dir='ltr'>idolorum</span> <span class='ocrx_word' id='word_1_104' title='bbox 1310 1141 1510 1196; x_wconf 82' lang='lat' dir='ltr'>servitus,</span> 
     </span>
     <span class='ocr_line' id='line_1_14' title="bbox 128 1206 1514 1265; baseline 0.001 -12"><span class='ocrx_word' id='word_1_105' title='bbox 128 1229 149 1249; x_wconf 85' lang='grc'>»</span> <span class='ocrx_word' id='word_1_106' title='bbox 169 1209 396 1263; x_wconf 71' lang='lat' dir='ltr'>veneficia,</span> <span class='ocrx_word' id='word_1_107' title='bbox 428 1207 688 1259; x_wconf 68' lang='lat' dir='ltr'>inimicitiae,</span> <span class='ocrx_word' id='word_1_108' title='bbox 716 1206 1013 1252; x_wconf 77' lang='lat' dir='ltr'>contentiones</span> <span class='ocrx_word' id='word_1_109' title='bbox 1030 1244 1039 1261; x_wconf 71' lang='lat'>‚</span> <span class='ocrx_word' id='word_1_110' title='bbox 1075 1207 1394 1265; x_wconf 67' lang='lat' dir='ltr'>aemulationes,</span> <span class='ocrx_word' id='word_1_111' title='bbox 1424 1210 1514 1254; x_wconf 90' lang='lat' dir='ltr'>ani-</span> 
     </span>
     <span class='ocr_line' id='line_1_15' title="bbox 130 1276 1512 1335; baseline 0.004 -16"><span class='ocrx_word' id='word_1_112' title='bbox 130 1298 151 1319; x_wconf 82' lang='lat'>»</span> <span class='ocrx_word' id='word_1_113' title='bbox 176 1277 397 1322; x_wconf 81' lang='lat' dir='ltr'>mositates</span> <span class='ocrx_word' id='word_1_114' title='bbox 415 1313 424 1331; x_wconf 80' lang='lat'><em>‚</em></span> <span class='ocrx_word' id='word_1_115' title='bbox 449 1276 729 1322; x_wconf 85' lang='lat' dir='ltr'>dissensiones</span> <span class='ocrx_word' id='word_1_116' title='bbox 746 1313 756 1331; x_wconf 85' lang='lat'>‚</span> <span class='ocrx_word' id='word_1_117' title='bbox 785 1277 969 1321; x_wconf 78' lang='lat' dir='ltr'>haereses</span> <span class='ocrx_word' id='word_1_118' title='bbox 985 1313 995 1332; x_wconf 87' lang='lat'>,</span> <span class='ocrx_word' id='word_1_119' title='bbox 1024 1277 1202 1323; x_wconf 75' lang='lat' dir='ltr'>invidiae</span> <span class='ocrx_word' id='word_1_120' title='bbox 1217 1315 1228 1331; x_wconf 83' lang='lat'><strong><em>,</em></strong></span> <span class='ocrx_word' id='word_1_121' title='bbox 1254 1279 1484 1324; x_wconf 78' lang='lat' dir='ltr'>ebrietates</span> <span class='ocrx_word' id='word_1_122' title='bbox 1500 1316 1512 1335; x_wconf 83' lang='lat'>‚</span> 
     </span>
     <span class='ocr_line' id='line_1_16' title="bbox 131 1346 1517 1410; baseline 0.004 -20"><span class='ocrx_word' id='word_1_123' title='bbox 131 1369 152 1390; x_wconf 84' lang='lat'>»</span> <span class='ocrx_word' id='word_1_124' title='bbox 173 1347 515 1403; x_wconf 85' lang='lat' dir='ltr'>comessationes,</span> <span class='ocrx_word' id='word_1_125' title='bbox 537 1358 579 1392; x_wconf 88' lang='lat' dir='ltr'>et</span> <span class='ocrx_word' id='word_1_126' title='bbox 602 1346 671 1392; x_wconf 88' lang='lat' dir='ltr'>his</span> <span class='ocrx_word' id='word_1_127' title='bbox 688 1346 841 1391; x_wconf 83' lang='lat' dir='ltr'>similia</span> <span class='ocrx_word' id='word_1_128' title='bbox 858 1384 868 1402; x_wconf 84' lang='lat'><strong><em>,</em></strong></span> <span class='ocrx_word' id='word_1_129' title='bbox 897 1363 996 1410; x_wconf 77' lang='lat' dir='ltr'>quae</span> <span class='ocrx_word' id='word_1_130' title='bbox 1019 1347 1216 1410; x_wconf 56' lang='lat' dir='ltr'>praedico</span> <span class='ocrx_word' id='word_1_131' title='bbox 1240 1349 1381 1405; x_wconf 74' lang='lat' dir='ltr'>vobis,</span> <span class='ocrx_word' id='word_1_132' title='bbox 1405 1351 1517 1395; x_wconf 84' lang='lat' dir='ltr'>sicut</span> 
     </span>
     <span class='ocr_line' id='line_1_17' title="bbox 131 1417 1518 1482; baseline 0.004 -22"><span class='ocrx_word' id='word_1_133' title='bbox 131 1441 152 1461; x_wconf 83' lang='grc'>»</span> <span class='ocrx_word' id='word_1_134' title='bbox 172 1418 355 1482; x_wconf 82' lang='lat' dir='ltr'>praedixi</span> <span class='ocrx_word' id='word_1_135' title='bbox 375 1456 386 1475; x_wconf 82' lang='lat'><strong><em>‚</em></strong></span> <span class='ocrx_word' id='word_1_136' title='bbox 430 1418 636 1481; x_wconf 86' lang='lat' dir='ltr'>quoniam</span> <span class='ocrx_word' id='word_1_137' title='bbox 661 1418 738 1481; x_wconf 89' lang='lat' dir='ltr'>qui</span> <span class='ocrx_word' id='word_1_138' title='bbox 762 1417 864 1462; x_wconf 87' lang='lat' dir='ltr'>talia</span> <span class='ocrx_word' id='word_1_139' title='bbox 893 1428 1027 1478; x_wconf 82' lang='lat' dir='ltr'>agunt</span> <span class='ocrx_word' id='word_1_140' title='bbox 1047 1456 1057 1474; x_wconf 70' lang='grc'><strong><em>,</em></strong></span> <span class='ocrx_word' id='word_1_141' title='bbox 1099 1436 1281 1478; x_wconf 79' lang='lat' dir='ltr'>regnum</span> <span class='ocrx_word' id='word_1_142' title='bbox 1310 1421 1388 1465; x_wconf 90' lang='lat' dir='ltr'>Dei</span> <span class='ocrx_word' id='word_1_143' title='bbox 1428 1438 1518 1466; x_wconf 86' lang='lat' dir='ltr'>non</span> 
     </span>
     <span class='ocr_line' id='line_1_18' title="bbox 129 1488 1513 1553; baseline 0.004 -22"><span class='ocrx_word' id='word_1_144' title='bbox 129 1489 460 1553; x_wconf 79' lang='lat' dir='ltr'>»possidebunt</span> <span class='ocrx_word' id='word_1_145' title='bbox 480 1490 513 1534; x_wconf 78' lang='lat'>2.</span> <span class='ocrx_word' id='word_1_146' title='bbox 551 1512 566 1529; x_wconf 90' lang='lat'>»</span> <span class='ocrx_word' id='word_1_147' title='bbox 600 1488 929 1534; x_wconf 88' lang='lat' dir='ltr'>Constituamus</span> <span class='ocrx_word' id='word_1_148' title='bbox 962 1506 1062 1548; x_wconf 79' lang='lat' dir='ltr'>ergo</span> <span class='ocrx_word' id='word_1_149' title='bbox 1098 1488 1285 1552; x_wconf 85' lang='lat' dir='ltr'>aliquem</span> <span class='ocrx_word' id='word_1_150' title='bbox 1311 1501 1479 1536; x_wconf 84' lang='lat' dir='ltr'>castum</span> <span class='ocrx_word' id='word_1_151' title='bbox 1502 1529 1513 1548; x_wconf 77' lang='grc'><em>,</em></span> 
     </span>
     <span class='ocr_line' id='line_1_19' title="bbox 130 1559 1517 1617; baseline 0.001 -12"><span class='ocrx_word' id='word_1_152' title='bbox 130 1560 425 1606; x_wconf 88' lang='lat' dir='ltr'>continentem</span> <span class='ocrx_word' id='word_1_153' title='bbox 447 1597 458 1616; x_wconf 80' lang='lat'>,</span> <span class='ocrx_word' id='word_1_154' title='bbox 485 1576 573 1605; x_wconf 89' lang='lat' dir='ltr'>non</span> <span class='ocrx_word' id='word_1_155' title='bbox 596 1577 775 1605; x_wconf 82' lang='lat' dir='ltr'>avarum</span> <span class='ocrx_word' id='word_1_156' title='bbox 798 1597 808 1615; x_wconf 80' lang='grc'>,</span> <span class='ocrx_word' id='word_1_157' title='bbox 832 1577 921 1604; x_wconf 91' lang='lat' dir='ltr'>non</span> <span class='ocrx_word' id='word_1_158' title='bbox 947 1559 1077 1604; x_wconf 84' lang='lat' dir='ltr'>idolis</span> <span class='ocrx_word' id='word_1_159' title='bbox 1115 1561 1366 1607; x_wconf 64' lang='lat' dir='ltr'>servientem</span> <span class='ocrx_word' id='word_1_160' title='bbox 1384 1599 1394 1617; x_wconf 83' lang='grc'>,</span> <span class='ocrx_word' id='word_1_161' title='bbox 1417 1562 1517 1607; x_wconf 84' lang='lat' dir='ltr'>bos-</span> 
     </span>
     <span class='ocr_line' id='line_1_20' title="bbox 126 1630 1519 1694; baseline 0.001 -19"><span class='ocrx_word' id='word_1_162' title='bbox 126 1630 329 1694; x_wconf 79' lang='lat' dir='ltr'>pitalem,</span> <span class='ocrx_word' id='word_1_163' title='bbox 358 1630 655 1690; x_wconf 82' lang='lat' dir='ltr'>indigentibus</span> <span class='ocrx_word' id='word_1_164' title='bbox 682 1630 1018 1686; x_wconf 64' lang='lat' dir='ltr'>ministrantem,</span> <span class='ocrx_word' id='word_1_165' title='bbox 1040 1648 1129 1676; x_wconf 92' lang='lat' dir='ltr'>non</span> <span class='ocrx_word' id='word_1_166' title='bbox 1148 1635 1408 1694; x_wconf 84' lang='lat' dir='ltr'>cujusquam</span> <span class='ocrx_word' id='word_1_167' title='bbox 1430 1633 1519 1677; x_wconf 87' lang='lat' dir='ltr'>ini-</span> 
     </span>
     <span class='ocr_line' id='line_1_21' title="bbox 131 1701 1518 1764; baseline 0.001 -18"><span class='ocrx_word' id='word_1_168' title='bbox 131 1701 293 1747; x_wconf 90' lang='lat' dir='ltr'>micum</span> <span class='ocrx_word' id='word_1_169' title='bbox 310 1738 320 1757; x_wconf 81' lang='lat'>‚</span> <span class='ocrx_word' id='word_1_170' title='bbox 346 1718 432 1746; x_wconf 88' lang='lat' dir='ltr'>non</span> <span class='ocrx_word' id='word_1_171' title='bbox 457 1701 794 1754; x_wconf 77' lang='lat' dir='ltr'>contentiosum,</span> <span class='ocrx_word' id='word_1_172' title='bbox 822 1701 1079 1764; x_wconf 72' lang='lat' dir='ltr'>patientem,</span> <span class='ocrx_word' id='word_1_173' title='bbox 1106 1702 1318 1764; x_wconf 85' lang='lat' dir='ltr'>quietum,</span> <span class='ocrx_word' id='word_1_174' title='bbox 1346 1702 1518 1748; x_wconf 87' lang='lat' dir='ltr'>nullum</span> 
     </span>
     <span class='ocr_line' id='line_1_22' title="bbox 129 1771 1516 1832; baseline 0.001 -16"><span class='ocrx_word' id='word_1_175' title='bbox 129 1771 409 1817; x_wconf 80' lang='lat' dir='ltr'>aemulantem</span> <span class='ocrx_word' id='word_1_176' title='bbox 429 1808 440 1827; x_wconf 79' lang='lat'>,</span> <span class='ocrx_word' id='word_1_177' title='bbox 465 1771 573 1816; x_wconf 89' lang='lat' dir='ltr'>nulli</span> <span class='ocrx_word' id='word_1_178' title='bbox 597 1771 863 1816; x_wconf 85' lang='lat' dir='ltr'>invidentem</span> <span class='ocrx_word' id='word_1_179' title='bbox 884 1808 894 1826; x_wconf 76' lang='grc'>,</span> <span class='ocrx_word' id='word_1_180' title='bbox 924 1771 1144 1828; x_wconf 85' lang='lat' dir='ltr'>sobrium,</span> <span class='ocrx_word' id='word_1_181' title='bbox 1169 1771 1382 1832; x_wconf 82' lang='lat' dir='ltr'>frugalem</span> <span class='ocrx_word' id='word_1_182' title='bbox 1405 1810 1416 1829; x_wconf 81' lang='grc'>,</span> <span class='ocrx_word' id='word_1_183' title='bbox 1441 1773 1516 1818; x_wconf 89' lang='lat' dir='ltr'>sed</span> 
     </span>
     <span class='ocr_line' id='line_1_23' title="bbox 127 1841 1517 1906; baseline 0.002 -19"><span class='ocrx_word' id='word_1_184' title='bbox 127 1842 388 1888; x_wconf 79' lang='lat' dir='ltr'>haereticum</span> <span class='ocrx_word' id='word_1_185' title='bbox 411 1859 421 1886; x_wconf 72' lang='grc' dir='ltr'>ε</span> <span class='ocrx_word' id='word_1_186' title='bbox 443 1841 554 1886; x_wconf 91' lang='lat' dir='ltr'>nulli</span> <span class='ocrx_word' id='word_1_187' title='bbox 582 1841 734 1904; x_wconf 88' lang='lat' dir='ltr'>utique</span> <span class='ocrx_word' id='word_1_188' title='bbox 764 1841 951 1886; x_wconf 85' lang='lat' dir='ltr'>dubium</span> <span class='ocrx_word' id='word_1_189' title='bbox 979 1853 1039 1887; x_wconf 84' lang='lat' dir='ltr'>est</span> <span class='ocrx_word' id='word_1_190' title='bbox 1064 1854 1246 1906; x_wconf 84' lang='lat' dir='ltr'>propter</span> <span class='ocrx_word' id='word_1_191' title='bbox 1268 1843 1355 1889; x_wconf 87' lang='lat' dir='ltr'>hoc</span> <span class='ocrx_word' id='word_1_192' title='bbox 1375 1844 1517 1890; x_wconf 90' lang='lat' dir='ltr'>solum</span> 
     </span>
     <span class='ocr_line' id='line_1_24' title="bbox 130 1912 1511 1975; baseline 0.002 -18"><span class='ocrx_word' id='word_1_193' title='bbox 130 1912 249 1975; x_wconf 87' lang='lat' dir='ltr'>quod</span> <span class='ocrx_word' id='word_1_194' title='bbox 267 1912 502 1957; x_wconf 82' lang='lat' dir='ltr'>haereticus</span> <span class='ocrx_word' id='word_1_195' title='bbox 526 1921 615 1967; x_wconf 80' lang='lat' dir='ltr'>est,</span> <span class='ocrx_word' id='word_1_196' title='bbox 638 1929 820 1971; x_wconf 80' lang='lat' dir='ltr'>regnum</span> <span class='ocrx_word' id='word_1_197' title='bbox 845 1912 926 1957; x_wconf 87' lang='lat' dir='ltr'>Dei</span> <span class='ocrx_word' id='word_1_198' title='bbox 945 1930 1032 1957; x_wconf 90' lang='lat' dir='ltr'>non</span> <span class='ocrx_word' id='word_1_199' title='bbox 1058 1930 1371 1975; x_wconf 83' lang='lat' dir='ltr'>possessurum.</span> <span class='ocrx_word' id='word_1_200' title='bbox 1396 1915 1511 1960; x_wconf 89' lang='lat' dir='ltr'>Con-</span> 
     </span>
     <span class='ocr_line' id='line_1_25' title="bbox 129 1982 1509 2046; baseline 0.004 -17"><span class='ocrx_word' id='word_1_201' title='bbox 129 1984 356 2030; x_wconf 85' lang='lat' dir='ltr'>stituamus</span> <span class='ocrx_word' id='word_1_202' title='bbox 380 1983 514 2029; x_wconf 87' lang='lat' dir='ltr'>alium</span> <span class='ocrx_word' id='word_1_203' title='bbox 538 1982 865 2039; x_wconf 73' lang='lat' dir='ltr'>fornicatorem,</span> <span class='ocrx_word' id='word_1_204' title='bbox 894 1983 1192 2042; x_wconf 81' lang='lat' dir='ltr'>immundum,</span> <span class='ocrx_word' id='word_1_205' title='bbox 1221 1987 1509 2046; x_wconf 78' lang='lat' dir='ltr'>luxuriosum,</span> 
     </span>
     <span class='ocr_line' id='line_1_26' title="bbox 130 2053 1507 2117; baseline 0.005 -19"><span class='ocrx_word' id='word_1_206' title='bbox 130 2070 327 2109; x_wconf 79' lang='lat' dir='ltr'>avarum,</span> <span class='ocrx_word' id='word_1_207' title='bbox 347 2053 417 2099; x_wconf 81' lang='lat' dir='ltr'>vel</span> <span class='ocrx_word' id='word_1_208' title='bbox 450 2053 578 2099; x_wconf 86' lang='lat' dir='ltr'>etiam</span> <span class='ocrx_word' id='word_1_209' title='bbox 614 2054 803 2117; x_wconf 83' lang='lat' dir='ltr'>apertius</span> <span class='ocrx_word' id='word_1_210' title='bbox 832 2053 958 2099; x_wconf 85' lang='lat' dir='ltr'>idolis</span> <span class='ocrx_word' id='word_1_211' title='bbox 981 2055 1175 2101; x_wconf 84' lang='lat' dir='ltr'>deditum</span> <span class='ocrx_word' id='word_1_212' title='bbox 1196 2094 1207 2113; x_wconf 82' lang='grc'>,</span> <span class='ocrx_word' id='word_1_213' title='bbox 1236 2059 1478 2104; x_wconf 76' lang='lat' dir='ltr'>veneficum</span> <span class='ocrx_word' id='word_1_214' title='bbox 1495 2097 1507 2116; x_wconf 83' lang='grc'>,</span> 
     </span>
     <span class='ocr_line' id='line_1_27' title="bbox 129 2123 1510 2184; baseline 0.004 -15"><span class='ocrx_word' id='word_1_215' title='bbox 129 2123 447 2170; x_wconf 87' lang='lat' dir='ltr'>discordiosum</span> <span class='ocrx_word' id='word_1_216' title='bbox 463 2160 473 2178; x_wconf 81' lang='lat'><strong>‚</strong></span> <span class='ocrx_word' id='word_1_217' title='bbox 501 2123 820 2169; x_wconf 86' lang='lat' dir='ltr'>contentiosum</span> <span class='ocrx_word' id='word_1_218' title='bbox 840 2161 850 2180; x_wconf 80' lang='grc'>,</span> <span class='ocrx_word' id='word_1_219' title='bbox 881 2125 1088 2170; x_wconf 83' lang='lat' dir='ltr'>aemulum</span> <span class='ocrx_word' id='word_1_220' title='bbox 1104 2163 1115 2182; x_wconf 87' lang='grc'>,</span> <span class='ocrx_word' id='word_1_221' title='bbox 1146 2127 1388 2173; x_wconf 86' lang='lat' dir='ltr'>animosum</span> <span class='ocrx_word' id='word_1_222' title='bbox 1409 2167 1419 2184; x_wconf 76' lang='lat'><strong><em>‚</em></strong></span> <span class='ocrx_word' id='word_1_223' title='bbox 1443 2146 1510 2175; x_wconf 83' lang='lat' dir='ltr'>se-</span> 
     </span>
     <span class='ocr_line' id='line_1_28' title="bbox 130 2194 1507 2254; baseline 0.004 -14"><span class='ocrx_word' id='word_1_224' title='bbox 130 2195 354 2251; x_wconf 83' lang='lat' dir='ltr'>ditiosum,</span> <span class='ocrx_word' id='word_1_225' title='bbox 377 2194 594 2251; x_wconf 81' lang='lat' dir='ltr'>invidum,</span> <span class='ocrx_word' id='word_1_226' title='bbox 616 2195 853 2252; x_wconf 79' lang='lat' dir='ltr'>ebriosum,</span> <span class='ocrx_word' id='word_1_227' title='bbox 882 2208 1228 2254; x_wconf 77' lang='lat' dir='ltr'>comessatorem,</span> <span class='ocrx_word' id='word_1_228' title='bbox 1253 2198 1326 2244; x_wconf 87' lang='lat' dir='ltr'>sed</span> <span class='ocrx_word' id='word_1_229' title='bbox 1347 2199 1507 2246; x_wconf 87' lang='lat' dir='ltr'>catho-</span> 
     </span>
     <span class='ocr_line' id='line_1_29' title="bbox 128 2265 1503 2331; baseline 0.005 -20"><span class='ocrx_word' id='word_1_230' title='bbox 128 2266 265 2312; x_wconf 89' lang='lat' dir='ltr'>licum</span> <span class='ocrx_word' id='word_1_231' title='bbox 287 2283 297 2310; x_wconf 87' lang='lat'>:</span> <span class='ocrx_word' id='word_1_232' title='bbox 320 2265 537 2328; x_wconf 90' lang='lat' dir='ltr'>numquid</span> <span class='ocrx_word' id='word_1_233' title='bbox 553 2277 734 2329; x_wconf 85' lang='lat' dir='ltr'>propter</span> <span class='ocrx_word' id='word_1_234' title='bbox 754 2266 842 2311; x_wconf 84' lang='lat' dir='ltr'>hoc</span> <span class='ocrx_word' id='word_1_235' title='bbox 859 2265 997 2311; x_wconf 89' lang='lat' dir='ltr'>solum</span> <span class='ocrx_word' id='word_1_236' title='bbox 1024 2267 1144 2330; x_wconf 84' lang='lat' dir='ltr'>quod</span> <span class='ocrx_word' id='word_1_237' title='bbox 1163 2269 1406 2317; x_wconf 84' lang='lat' dir='ltr'>catholicus</span> <span class='ocrx_word' id='word_1_238' title='bbox 1423 2283 1503 2331; x_wconf 79' lang='lat' dir='ltr'>est,</span> 
     </span>
     <span class='ocr_line' id='line_1_30' title="bbox 129 2336 1508 2401; baseline 0.006 -19"><span class='ocrx_word' id='word_1_239' title='bbox 129 2354 310 2397; x_wconf 83' lang='lat' dir='ltr'>regnum</span> <span class='ocrx_word' id='word_1_240' title='bbox 334 2336 416 2381; x_wconf 88' lang='lat' dir='ltr'>Dei</span> <span class='ocrx_word' id='word_1_241' title='bbox 439 2336 697 2400; x_wconf 72' lang='lat' dir='ltr'>possidebit¹⁹</span> <span class='ocrx_word' id='word_1_242' title='bbox 716 2354 840 2396; x_wconf 82' lang='lat' dir='ltr'>agens</span> <span class='ocrx_word' id='word_1_243' title='bbox 865 2336 963 2382; x_wconf 84' lang='lat' dir='ltr'>talia</span> <span class='ocrx_word' id='word_1_244' title='bbox 986 2336 1039 2382; x_wconf 84' lang='lat' dir='ltr'>de</span> <span class='ocrx_word' id='word_1_245' title='bbox 1058 2338 1219 2401; x_wconf 88' lang='lat' dir='ltr'>quibus</span> <span class='ocrx_word' id='word_1_246' title='bbox 1243 2340 1304 2387; x_wconf 89' lang='lat' dir='ltr'>sic</span> <span class='ocrx_word' id='word_1_247' title='bbox 1329 2343 1508 2390; x_wconf 80' lang='lat' dir='ltr'>conclu-</span> 
     </span>
     <span class='ocr_line' id='line_1_31' title="bbox 131 2406 1508 2477; baseline 0.006 -25"><span class='ocrx_word' id='word_1_248' title='bbox 131 2406 197 2452; x_wconf 86' lang='lat' dir='ltr'>dit</span> <span class='ocrx_word' id='word_1_249' title='bbox 224 2407 455 2470; x_wconf 87' lang='lat' dir='ltr'>Apostolus</span> <span class='ocrx_word' id='word_1_250' title='bbox 479 2425 489 2452; x_wconf 84' lang='lat'>:</span> <span class='ocrx_word' id='word_1_251' title='bbox 524 2429 542 2447; x_wconf 86' lang='lat'>«</span> <span class='ocrx_word' id='word_1_252' title='bbox 565 2406 676 2464; x_wconf 83' lang='lat' dir='ltr'>Quae</span> <span class='ocrx_word' id='word_1_253' title='bbox 695 2407 889 2470; x_wconf 70' lang='lat' dir='ltr'>praedico</span> <span class='ocrx_word' id='word_1_254' title='bbox 908 2407 1032 2452; x_wconf 81' lang='lat' dir='ltr'>vobis</span> <span class='ocrx_word' id='word_1_255' title='bbox 1053 2409 1164 2454; x_wconf 88' lang='lat' dir='ltr'>sicut</span> <span class='ocrx_word' id='word_1_256' title='bbox 1182 2411 1381 2473; x_wconf 77' lang='lat' dir='ltr'>praedixi,</span> <span class='ocrx_word' id='word_1_257' title='bbox 1400 2431 1508 2477; x_wconf 88' lang='lat' dir='ltr'>quo-</span> 
     </span>
     <span class='ocr_line' id='line_1_32' title="bbox 131 2476 1505 2543; baseline 0.003 -21"><span class='ocrx_word' id='word_1_258' title='bbox 131 2498 151 2519; x_wconf 88' lang='lat'>»</span> <span class='ocrx_word' id='word_1_259' title='bbox 171 2477 289 2523; x_wconf 89' lang='lat' dir='ltr'>niam</span> <span class='ocrx_word' id='word_1_260' title='bbox 315 2477 390 2540; x_wconf 84' lang='lat' dir='ltr'>qui</span> <span class='ocrx_word' id='word_1_261' title='bbox 413 2476 517 2522; x_wconf 86' lang='lat' dir='ltr'>talia</span> <span class='ocrx_word' id='word_1_262' title='bbox 541 2488 691 2537; x_wconf 73' lang='lat' dir='ltr'>agunt,</span> <span class='ocrx_word' id='word_1_263' title='bbox 719 2494 900 2537; x_wconf 83' lang='lat' dir='ltr'>regnum</span> <span class='ocrx_word' id='word_1_264' title='bbox 935 2478 1014 2523; x_wconf 91' lang='lat' dir='ltr'>Dei</span> <span class='ocrx_word' id='word_1_265' title='bbox 1038 2496 1124 2524; x_wconf 92' lang='lat' dir='ltr'>non</span> <span class='ocrx_word' id='word_1_266' title='bbox 1149 2481 1435 2543; x_wconf 82' lang='lat' dir='ltr'>possidebunt</span> <span class='ocrx_word' id='word_1_267' title='bbox 1450 2489 1469 2532; x_wconf 67' lang='lat' dir='ltr'><strong>P</strong></span> <span class='ocrx_word' id='word_1_268' title='bbox 1484 2508 1505 2527; x_wconf 65' lang='lat'>&gt;³</span> 
     </span>
     <span class='ocr_line' id='line_1_33' title="bbox 132 2546 1507 2611; baseline 0.009 -18"><span class='ocrx_word' id='word_1_269' title='bbox 132 2546 178 2594; x_wconf 83' lang='lat' dir='ltr'>Si</span> <span class='ocrx_word' id='word_1_270' title='bbox 195 2548 284 2593; x_wconf 85' lang='lat' dir='ltr'>hoc</span> <span class='ocrx_word' id='word_1_271' title='bbox 307 2547 491 2593; x_wconf 87' lang='lat' dir='ltr'>dicimus</span> <span class='ocrx_word' id='word_1_272' title='bbox 510 2584 520 2604; x_wconf 83' lang='lat'><strong><em>‚</em></strong></span> <span class='ocrx_word' id='word_1_273' title='bbox 543 2565 621 2593; x_wconf 89' lang='lat' dir='ltr'>nos</span> <span class='ocrx_word' id='word_1_274' title='bbox 654 2548 771 2611; x_wconf 90' lang='lat' dir='ltr'>ipsos</span> <span class='ocrx_word' id='word_1_275' title='bbox 804 2547 1061 2598; x_wconf 85' lang='lat' dir='ltr'>seducimus.</span> <span class='ocrx_word' id='word_1_276' title='bbox 1107 2551 1221 2599; x_wconf 69' lang='lat' dir='ltr'>Nam</span> <span class='ocrx_word' id='word_1_277' title='bbox 1245 2570 1385 2602; x_wconf 88' lang='lat' dir='ltr'>sermo</span> <span class='ocrx_word' id='word_1_278' title='bbox 1425 2557 1507 2605; x_wconf 90' lang='lat' dir='ltr'>Dei</span> 
     </span>
    </p>
   </div>
   <div class='ocr_carea' id='block_1_3' title="bbox 178 2631 1376 2742">
    <p class='ocr_par' dir='ltr' id='par_1_4' title="bbox 178 2631 1376 2742">
     <span class='ocr_line' id='line_1_34' title="bbox 178 2631 783 2678; baseline 0.003 -14"><span class='ocrx_word' id='word_1_279' title='bbox 178 2633 190 2656; x_wconf 86' lang='lat'><strong>¹</strong></span> <span class='ocrx_word' id='word_1_280' title='bbox 210 2644 222 2664; x_wconf 78' lang='lat' dir='ltr'>x</span> <span class='ocrx_word' id='word_1_281' title='bbox 241 2634 315 2665; x_wconf 86' lang='lat' dir='ltr'>Cor.</span> <span class='ocrx_word' id='word_1_282' title='bbox 331 2643 451 2671; x_wconf 73' lang='lat' dir='ltr'>v1‚10.</span> <span class='ocrx_word' id='word_1_283' title='bbox 468 2631 538 2659; x_wconf 72' lang='lat'>-2</span> <span class='ocrx_word' id='word_1_284' title='bbox 555 2633 660 2668; x_wconf 78' lang='lat' dir='ltr'>Galat.</span> <span class='ocrx_word' id='word_1_285' title='bbox 681 2644 711 2674; x_wconf 81' lang='lat' dir='ltr'>v,</span> <span class='ocrx_word' id='word_1_286' title='bbox 731 2644 783 2678; x_wconf 80' lang='lat'>¹9·</span> 
     </span>
     <span class='ocr_line' id='line_1_35' title="bbox 260 2700 1376 2742; baseline 0.011 -12"><span class='ocrx_word' id='word_1_287' title='bbox 260 2700 474 2733; x_wconf 76' lang='lat' dir='ltr'>CXXXVIII.</span> <span class='ocrx_word' id='word_1_288' title='bbox 1319 2710 1376 2742; x_wconf 73' lang='lat'>22</span> 
     </span>
    </p>
   </div>
  </div>
 </body>
</html>
