1894 3154
286 217 379 273 460
687 233 722 264 s.
765 232 1008 264 AUGusrrm
1045 234 1262 266 EPISCOPJ.

283 313 368 359 que
405 296 600 342 damnati
635 308 748 344 sunt.
791 299 853 343 Eo
888 299 1054 362 quippe
1085 310 1279 363 tempore
1306 316 1392 363 quo
1430 298 1661 355 latebant,

287 384 588 432 quoscumque
611 368 961 432 baptizaverunt,
988 388 1076 416 non
1095 372 1152 417 eis
1175 381 1416 434 potuerunt
1435 369 1565 415 fidem
1581 380 1665 414 tra-

285 437 404 494 dere,
425 437 500 483 sed
528 448 723 492 reatum3
752 440 786 484 si
805 439 1009 502 quisquis
1037 440 1167 486 fidem
1187 460 1210 485 a
1231 440 1399 504 perfido
1419 439 1663 502 sumpserit,

290 525 379 553 non
397 507 527 553 fidem
552 509 757 571 percipit,
776 508 847 553 sed
870 520 1051 555 reatum.
1089 511 1201 569 Ergo
1229 511 1509 572 baptizentur
1536 527 1559 554 a
1583 509 1668 554 bo-

290 578 373 634 nis,
403 589 452 623 ut
468 579 635 640 possint
653 578 784 623 fidem
808 579 1048 641 percipere,
1077 596 1165 624 non
1187 590 1372 625 reatum.

352 648 427 694 IV.
462 647 546 693 Sed
572 648 794 711 quomodo
816 659 855 694 et
877 648 929 693 de
956 649 1045 694 istis
1065 648 1083 678 ”1
1115 650 1255 694 securi
1287 660 1414 695 erunt
1434 686 1444 704 ,
1491 649 1527 694 si
1562 665 1671 695 con-

288 717 471 762 scientia
499 717 643 763 dantis
667 717 932 774 att-eliditur,
977 736 1076 782 quae
1109 719 1211 764 latet
1240 719 1388 765 oculos
1417 719 1671 782 accepturi?

286 787 352 831 lta
383 787 622 832 secundum
651 804 800 832 eorum
836 789 1093 833 sententiam
1148 790 1198 833 fit
1225 789 1338 834 salus
1370 789 1444 834 illa
1471 787 1674 851 spiritalis

292 856 457 902 incerta
475 894 485 912 ,
513 856 619 902 dum
655 868 806 902 contra
843 858 1092 921 Scripturas
1128 869 1295 904 sanctas
1313 897 1324 915 ,
1348 875 1447 921 quae
1481 859 1669 903 dicunt:

299 947 320 968 (ι
337 927 509 972 Bonum
529 937 590 972 est
608 928 825 973 confidere
846 929 890 972 in
916 929 1120 984 Domino,
1143 946 1272 991 quani
1293 928 1511 974 confidere
1529 929 1574 973 in
1592 928 1674 972 ho-

299 1018 321 1039 »
345 998 490 1042 mine2
510 1015 520 1042 ι
545 1019 564 1038 »
585 1008 642 1053 et,
666 1020 686 1039 α
710 998 966 1044 Maledictus
1001 999 1140 1044 omnis
1160 1000 1236 1062 qui
1262 1017 1381 1062 spem
1405 1016 1524 1044 suam
1553 998 1677 1062 ponit

302 1089 323 1109 »
343 1068 388 1113 iu
413 1068 590 1113 homine
608 1068 626 1096 3
649 1086 659 1113 :
685 1092 699 1109 »
732 1086 852 1131 spem
889 1069 1255 1132 baptizandorum
1293 1069 1493 1114 auferunt
1529 1086 1550 1113 a
1581 1070 1677 1113 Do-

299 1139 417 1184 mino
438 1140 545 1195 Deo,
564 1149 606 1184 et
628 1139 673 1184 in
693 1139 869 1184 homine
880 1139 1128 1203 ponendam
1147 1157 1232 1185 esse
1251 1140 1529 1202 persuadent.
1551 1137 1677 1183 Unde

300 1210 352 1255 fit
377 1210 572 1265 omnino,
596 1221 645 1255 ut
668 1227 755 1255 non
778 1211 959 1267 incerta,
989 1211 1061 1256 sed
1095 1228 1274 1274 prorsus
1298 1210 1418 1256 nulla
1448 1211 1502 1255 sit
1524 1209 1637 1254 salus
1663 1225 1675 1252 ι

301 1279 404 1343 quia
420 1316 431 1336 ‚
459 1300 479 1321 «
500 1280 677 1325 Domini
698 1290 759 1325 est
783 1279 912 1337 salus,
937 1291 978 1326 et
1000 1298 1112 1328 vana
1136 1280 1248 1326 salus
1271 1281 1463 1326 hominis
1478 1280 1511 1326 ζ’.
1535 1303 1549 1319 »
1583 1279 1674 1323 Ita—

301 1366 387 1413 que
411 1350 604 1413 quisquis
621 1350 666 1395 in
689 1350 865 1395 homine
895 1367 1015 1413 spem
1037 1351 1246 1413 posuerit,
1276 1351 1404 1396 etiam
1425 1367 1555 1414 quern
1578 1352 1677 1408 jus-

305 1430 400 1465 tum
424 1431 467 1464 et
484 1420 758 1466 innocentem
782 1421 920 1476 novit,
943 1421 1198 1466 maledictus
1224 1431 1299 1467 est.
1328 1421 1453 1466 Unde
1481 1430 1523 1465 et
1546 1436 1678 1482 apos-

305 1490 419 1536 tolus
443 1491 606 1537 Paulus
629 1509 699 1537 eos
722 1492 799 1555 qui
819 1491 1026 1538 dicebant
1051 1509 1092 1538 se
1117 1492 1243 1538 Pauli
1261 1509 1364 1548 esse,
1395 1492 1683 1550 objurgat‚et

307 1560 415 1606 dicit
437 1579 448 1606 :
477 1582 497 1602 «
518 1562 747 1626 Numquid
770 1562 932 1608 Paulus
955 1580 1037 1625 pro
1061 1563 1185 1608 vobis
1203 1562 1434 1608 crucifixus
1447 1570 1625 1620 est,·aut
1639 1559 1685 1606 in

307 1652 328 1672 »
353 1632 530 1677 nomine
557 1632 683 1677 Pauli
700 1632 915 1696 baptizati
940 1633 1038 1678 estis
1055 1632 1072 1661 5
1092 1636 1110 1678 9
1132 1654 1152 1674 »

374 1701 425 1747 V.
458 1701 758 1765 Quapropter,
779 1703 811 1747 si
831 1703 1035 1748 errabant
1053 1702 1135 1759 illi,
1162 1713 1203 1748 et
1221 1702 1302 1747 nisi
1335 1701 1682 1762 corrigerentur,

310 1770 521 1834 perirent,
550 1773 626 1835 qui
645 1771 848 1818 volebant
865 1790 953 1818 esse
974 1773 1129 1827 Pauli3
1152 1790 1250 1836 quae
1274 1772 1449 1818 tandem
1484 1789 1580 1836 spes
1609 1788 1686 1817 eo-

308 1857 405 1886 rum
436 1852 518 1897 est,
547 1842 625 1905 qui
648 1853 854 1905 quaerunt
871 1859 956 1888 esse
991 1843 1183 1888 Donati?
1216 1842 1268 1888 ld
1289 1842 1404 1887 enim
1429 1852 1560 1902 agunt
1584 1841 1683 1897 isti,

312 1922 362 1956 ut
385 1912 521 1970 origo,
552 1912 690 1968 radix,
714 1924 755 1958 et
779 1924 913 1975 caput
938 1915 1151 1977 baptizati
1167 1931 1253 1958 non
1277 1913 1359 1959 nisi
1390 1913 1460 1958 ille
1483 1913 1537 1958 sit
1555 1930 1578 1958 a
1599 1928 1688 1975 quo

307 1982 569 2044 baptizatur.
603 1983 668 2028 Ita
689 1983 760 2039 fit,
786 1994 834 2028 ut
859 1985 1067 2046 quoniam
1086 1984 1343 2046 plerumque
1360 1983 1500 2046 qualis
1517 1983 1690 2044 sitbap-

314 2052 484 2109 tizator,
510 2053 724 2099 incertum
745 2065 823 2111 est,
851 2056 1015 2100 incerta
1041 2055 1220 2114 origine,
1245 2054 1409 2099 incerta
1434 2053 1595 2108 radice,
1616 2053 1689 2097 in-

314 2133 431 2167 certo
460 2123 604 2186 capite
623 2161 633 2179 ,
662 2141 758 2187 spes
794 2126 922 2170 etiam
947 2125 1085 2170 omnis
1114 2125 1279 2169 incerta
1304 2123 1371 2169 sit.
1402 2124 1458 2168 Et
1475 2139 1575 2168 cum
1598 2121 1690 2167 fieri

310 2193 461 2255 possit,
482 2193 544 2238 ita
563 2211 649 2240 esse
662 2196 972 2241 conscientiam
991 2195 1152 2250 dantis,
1174 2206 1222 2240 ut
1239 2193 1443 2239 scelerata
1460 2204 1587 2256 atque
1602 2210 1691 2238 ma-

316 2262 462 2308 culosa
485 2264 555 2320 sit,
583 2275 624 2309 et
642 2265 728 2311 hoc
746 2266 913 2325 ignoret
938 2266 1183 2328 accipiens;
1212 2264 1585 2327 consequenterfit
1603 2300 1616 2319 ‚
1642 2273 1691 2308 ut

313 2332 515 2380 scelerata
534 2335 715 2395 origine,
745 2337 947 2383 scelerata
980 2337 1142 2391 radice,
1166 2336 1374 2381 scelerato
1398 2336 1540 2398 capite
1556 2372 1566 2390 ,
1594 2351 1691 2397 spes

308 2419 484 2466 quoque
505 2405 723 2468 baptizati
745 2425 856 2453 vana
879 2418 922 2453 et
940 2407 1078 2453 inanis
1095 2407 1255 2452 existat.
1288 2406 1467 2469 Quippe
1492 2422 1593 2451 cum
1612 2404 1690 2449 iste

358 2504 369 2526 ¹
388 2503 512 2547 Supple
527 2505 629 2539 bOUiS·
644 2523 689 2530 -
705 2507 721 2529 ²
742 2506 943 2548 Psakon-11,
963 2510 994 2541 8.
1012 2525 1057 2531 --
1075 2505 1090 2530 3
1107 2510 1228 2541 Jerem.
1251 2518 1336 2550 xvn,
1354 2508 1431 2538 5.—
1448 2503 1462 2528 ⁴
1484 2504 1565 2538 Psal.
1584 2516 1640 2548 111,
1657 2516 1690 2549 9,

313 2563 343 2590 et
359 2568 428 2598 mx,
446 2561 499 2591 13.
514 2576 559 2583 -
573 2556 588 2581 ⁶
609 2572 622 2592 1
646 2562 722 2595 Cor.
751 2573 779 2600 x,
799 2564 851 2596 13.
