1894 3154
564 280 621 311 DE
654 281 908 321 TRINITATE‚
948 282 1035 312 ΠΒ.
1079 282 1150 312 xv.
1481 271 1541 332 93

242 343 398 391 XLIV.
422 343 506 390 Sed
523 344 640 390 hanc
660 362 748 390 non
758 345 895 390 solum
915 345 1251 408 incorporalem,
1268 349 1546 394 verumetiam

181 431 344 461 summe
367 414 698 477 inseparabilem
723 432 906 478 vereque
928 414 1244 461 immutabilem
1273 415 1544 471 Trinitatem,

181 500 281 529 cum
304 483 468 530 venerit
486 484 592 530 visio
617 500 716 546 quae
734 483 844 529 facie
870 484 922 529 ad
947 483 1101 529 faciem
1126 485 1443 547 repromittitur
1467 503 1550 530 no—

179 552 264 608 bis,
289 552 428 597 multo
453 551 608 597 clarius
625 553 867 615 certiusque
887 552 1149 608 videbimus,
1176 569 1308 615 quam
1332 558 1553 612 nunchus

179 622 408 681 imaginem
433 623 554 686 quod
576 640 653 668 nos
683 640 861 668 sumus:
890 640 969 685 per
998 623 1117 686 quod
1152 633 1298 668 tamen
1330 622 1554 685 speculum

181 705 222 739 et
242 694 288 739 in
307 710 394 757 quo
419 694 645 753 aenigmate
661 694 737 756 qui
755 693 905 738 vident
924 693 961 749 1,
984 694 1098 738 sicut
1124 693 1171 738 in
1196 693 1282 738 hac
1304 693 1391 738 vita
1409 693 1555 738 videre

182 780 431 814 concessum
456 774 544 818 est,
584 780 671 808 non
708 762 771 807 illi
812 773 911 807 sunt
937 763 1013 826 qui
1038 780 1085 807 ea
1106 779 1207 824 quae
1236 761 1485 820 digessimus
1513 771 1554 805 et

183 832 579 877 commendavimus
605 834 650 876 in
673 848 747 876 sua
770 841 911 876 mente
934 832 1238 894 conspiciunt3
1281 830 1353 875 sed
1377 830 1437 875 illi
1479 831 1554 892 qui

182 919 274 947 eam
301 913 508 965 tanquam
522 902 751 960 imaginem
778 900 944 955 vident,
971 912 1019 945 ut
1035 902 1200 963 possint
1219 899 1273 943 ad
1291 916 1408 953 eum,
1427 903 1552 957 cujus

182 971 324 1029 imago
346 982 425 1026 est,
463 970 877 1033 quomodocumque
904 969 1060 1013 referre
1080 968 1200 1031 quod
1223 967 1390 1022 vident,
1416 978 1456 1011 et
1479 984 1557 1029 per

183 1040 409 1099 imaginem
432 1057 562 1102 quam
581 1037 890 1100 conspiciendo
918 1037 1084 1092 vident,
1119 1038 1246 1082 etiam
1278 1037 1387 1082 illud
1413 1037 1557 1082 videre

184 1109 474 1168 conjiciendo,
509 1109 716 1171 quoniam
752 1107 949 1152 nondum
977 1117 1154 1169 possunt
1177 1105 1286 1151 facie
1307 1105 1360 1150 ad
1382 1104 1551 1151 faciem.

186 1179 286 1223 Non
308 1179 421 1223 enim
447 1180 504 1223 ait
523 1177 784 1240 Apostolus:
811 1176 1018 1221 Videmus
1037 1192 1155 1221 nunc
1181 1175 1405 1238 speculum
1428 1192 1438 1219 ε
1467 1175 1557 1230 sed,

185 1269 205 1288 ε(
227 1248 434 1293 Videmus
447 1265 564 1292 nunc
581 1265 659 1310 per
681 1246 907 1309 speculum
924 1247 957 1291 2.
989 1266 1009 1286 ›>
1031 1246 1120 1301 Qui
1143 1262 1242 1304 ergo
1266 1245 1417 1290 vident
1438 1261 1557 1288 suam

184 1327 393 1373 mentem,
431 1316 652 1379 quomodo
676 1316 814 1361 videri
840 1325 998 1377 potest,
1027 1314 1135 1359 etin
1154 1331 1201 1358 ea
1238 1314 1472 1358 trinitatem
1499 1314 1560 1357 i:-

185 1397 292 1443 tam,
313 1386 365 1432 de
389 1404 475 1449 qua
493 1387 640 1439 multis
661 1386 802 1431 modis
827 1396 875 1430 ut
894 1385 1020 1447 potui
1042 1384 1280 1446 disputavi,
1310 1400 1388 1428 nec
1413 1394 1557 1427 tamen

186 1471 279 1499 cam
298 1455 482 1500 credunt
497 1456 567 1501 Vel
586 1455 834 1514 intelligunt
857 1471 942 1498 esse
961 1453 1192 1512 imaginem
1210 1453 1304 1507 Dei,
1333 1452 1558 1514 speculum

188 1525 361 1586 quidem
384 1525 548 1580 vident,
578 1525 650 1570 sed
673 1541 807 1587 usque
824 1523 928 1569 adeo
952 1539 1040 1567 non
1062 1521 1214 1567 vident
1236 1538 1314 1584 per
1330 1521 1556 1583 speculum

188 1594 262 1655 qui
287 1605 349 1638 est
365 1612 443 1656 per
468 1595 693 1656 speculum
715 1610 835 1638 nunc
868 1592 1098 1647 videndus,
1126 1602 1175 1636 ut
1197 1608 1276 1636 nec
1296 1593 1437 1653 ipsum
1460 1607 1562 1652 spe-

189 1663 337 1708 culum
363 1664 483 1726 quod
500 1664 648 1709 vident
670 1663 809 1708 sciant
827 1679 912 1706 esse
936 1660 1162 1723 speculum
1177 1697 1189 1716 ,
1210 1660 1255 1705 id
1279 1671 1367 1715 est,
1405 1660 1564 1718 imagi-

190 1749 301 1778 nem.
326 1734 457 1789 Quod
475 1734 508 1778 si
536 1733 712 1788 scirent,
738 1731 925 1777 fortassis
949 1740 991 1775 et
1013 1746 1111 1774 eum
1132 1733 1256 1788 cujus
1275 1740 1337 1774 est
1359 1729 1446 1774 hoc
1461 1745 1564 1791 spe-

191 1801 356 1858 culum,
380 1820 458 1865 per
472 1803 558 1848 hoc
573 1801 858 1865 quaerendum
879 1810 921 1844 et
933 1816 1011 1862 per
1029 1799 1115 1844 hoc
1132 1809 1369 1860 utcumque
1390 1798 1562 1843 interim

189 1871 426 1917 videndum
451 1890 536 1918 esse
549 1872 770 1926 sentirent,
796 1870 881 1915 fide
898 1886 986 1914 non
1004 1869 1106 1913 ficta
1118 1868 1250 1914 corda
1270 1868 1505 1913 mundante
1524 1866 1560 1923 3,

192 1951 241 1985 ut
262 1940 371 1987 facie
396 1942 450 1987 ad
470 1941 625 1987 faciem
642 1941 778 2004 possit
796 1939 958 1993 videri,
985 1941 1061 2000 qui
1085 1955 1163 2001 per
1194 1937 1417 2001 speculum
1447 1953 1565 1981 nunc

190 2010 374 2057 videtur.
406 2012 503 2068 Qua
528 2011 612 2056 fide
636 2010 834 2056 cordium
855 2007 1129 2053 mundatrice
1146 2018 1418 2070 contempta,
1454 2006 1564 2068 quid

194 2092 324 2139 agunt
346 2080 625 2141 intelligendo
649 2097 748 2143 quae
772 2079 826 2124 de
851 2088 1008 2123 natura
1044 2078 1199 2122 mentis
1222 2077 1430 2122 humanae
1454 2076 1564 2121 sub-

192 2151 383 2197 tilissime
419 2152 725 2214 disputantur,
760 2149 841 2194 nisi
870 2159 917 2193 ut
952 2147 1045 2210 ipsa
1077 2163 1252 2210 quoque
1285 2145 1567 2205 intelligentia

193 2237 269 2266 sua
291 2231 395 2266 teste
415 2221 700 2266 damnentur?
715 2221 766 2264 In
781 2235 866 2281 qua
881 2218 1030 2281 utique
1046 2233 1135 2261 non
1148 2215 1399 2260 laborarent
1418 2225 1459 2259 et
1476 2215 1515 2260 vi
1522 2231 1564 2268 Χ,

195 2290 249 2335 ad
272 2302 438 2336 certum
457 2289 620 2353 aliquid
643 2289 943 2352 pervenirent,
974 2287 1056 2331 nisi
1092 2285 1342 2348 poenalibus
1377 2284 1567 2329 ’umbris

194 2360 381 2407 involuti
408 2371 450 2406 et
472 2360 635 2406 onerati
671 2375 853 2420 corpore
896 2354 1175 2417 corruptibili
1209 2353 1330 2417 quod
1365 2362 1568 2412 aggravat

197 2431 385 2476 animam
404 2429 438 2477 4.
465 2431 565 2486 Quo
589 2428 765 2475 tandem
783 2426 934 2471 merito
952 2424 1117 2469 inflicto
1131 2423 1245 2469 malo
1267 2423 1348 2469 isto
1361 2423 1443 2468 nisi
1464 2438 1566 2484 pec-

197 2501 314 2547 cati?
337 2501 462 2547 Unde
489 2501 595 2547 tanti
610 2499 713 2546 mali
731 2494 1028 2557 magnitudine
1046 2495 1274 2550 admoniti,
1297 2493 1417 2557 sequi
1439 2493 1569 2539 debe-

247 2585 257 2606 ¹
278 2595 295 2615 2
314 2586 390 2620 Cor.
409 2596 460 2629 xx,
483 2595 537 2618 12.
558 2599 599 2608 -
614 2581 728 2614 21bid.
746 2599 790 2605 —
805 2577 819 2603 3
845 2591 856 2610 1
877 2579 958 2612 Tim.
978 2590 1008 2624 1,
1027 2575 1287 2622 3.-⁴Sap.v1,
1307 2578 1360 2609 15.
