<?xml version="1.0" encoding="UTF-8"?>
<!DOCTYPE html PUBLIC "-//W3C//DTD XHTML 1.0 Transitional//EN"
    "http://www.w3.org/TR/xhtml1/DTD/xhtml1-transitional.dtd">
<html xmlns="http://www.w3.org/1999/xhtml" xml:lang="en" lang="en">
 <head>
  <title>
</title>
<meta http-equiv="Content-Type" content="text/html;charset=utf-8" />
  <meta name='ocr-system' content='tesseract 3.04.00' />
  <meta name='ocr-capabilities' content='ocr_page ocr_carea ocr_par ocr_line ocrx_word'/>
</head>
<body>
  <div class='ocr_page' id='page_1' title='image "./operaomniaaccura31auguuoft_0058.png"; bbox 0 0 1894 3154; ppageno 0'>
   <div class='ocr_carea' id='block_1_1' title="bbox 246 250 1231 305">
    <p class='ocr_par' dir='ltr' id='par_1_1' title="bbox 246 250 1231 305">
     <span class='ocr_line' id='line_1_1' title="bbox 246 250 1231 305; baseline -0.004 -10"><span class='ocrx_word' id='word_1_1' title='bbox 246 250 306 305; x_wconf 66' lang='lat'>48</span> <span class='ocrx_word' id='word_1_2' title='bbox 675 264 708 293; x_wconf 77' lang='lat' dir='ltr'>s,</span> <span class='ocrx_word' id='word_1_3' title='bbox 752 262 993 292; x_wconf 76' lang='lat' dir='ltr'>A13GtsT1N1</span> <span class='ocrx_word' id='word_1_4' title='bbox 1029 262 1231 292; x_wconf 76' lang='lat' dir='ltr'>Emscom</span> 
     </span>
    </p>
   </div>
   <div class='ocr_carea' id='block_1_2' title="bbox 239 325 1625 2568">
    <p class='ocr_par' dir='ltr' id='par_1_2' title="bbox 244 325 1625 2214">
     <span class='ocr_line' id='line_1_2' title="bbox 245 325 1618 394; baseline -0.004 -19"><span class='ocrx_word' id='word_1_5' title='bbox 245 329 407 394; x_wconf 87' lang='lat' dir='ltr'>pientia</span> <span class='ocrx_word' id='word_1_6' title='bbox 425 348 436 382; x_wconf 89' lang='lat'>;</span> <span class='ocrx_word' id='word_1_7' title='bbox 460 345 538 374; x_wconf 87' lang='lat' dir='ltr'>cur</span> <span class='ocrx_word' id='word_1_8' title='bbox 558 345 645 374; x_wconf 91' lang='lat' dir='ltr'>non</span> <span class='ocrx_word' id='word_1_9' title='bbox 669 345 755 374; x_wconf 90' lang='lat' dir='ltr'>una</span> <span class='ocrx_word' id='word_1_10' title='bbox 777 328 1014 391; x_wconf 86' lang='lat' dir='ltr'>eademque</span> <span class='ocrx_word' id='word_1_11' title='bbox 1032 344 1097 372; x_wconf 90' lang='lat' dir='ltr'>res</span> <span class='ocrx_word' id='word_1_12' title='bbox 1117 343 1203 372; x_wconf 86' lang='lat' dir='ltr'>esse</span> <span class='ocrx_word' id='word_1_13' title='bbox 1219 325 1357 389; x_wconf 80' lang='lat' dir='ltr'>possit</span> <span class='ocrx_word' id='word_1_14' title='bbox 1377 326 1422 371; x_wconf 92' lang='lat' dir='ltr'>in</span> <span class='ocrx_word' id='word_1_15' title='bbox 1448 325 1526 371; x_wconf 88' lang='lat' dir='ltr'>Dei</span> <span class='ocrx_word' id='word_1_16' title='bbox 1546 343 1618 371; x_wconf 78' lang='lat' dir='ltr'>na-</span> 
     </span>
     <span class='ocr_line' id='line_1_3' title="bbox 245 396 1618 461; baseline -0.003 -16"><span class='ocrx_word' id='word_1_17' title='bbox 245 411 344 445; x_wconf 87' lang='lat' dir='ltr'>tura</span> <span class='ocrx_word' id='word_1_18' title='bbox 369 399 586 446; x_wconf 71' lang='lat' dir='ltr'>aeternitas</span> <span class='ocrx_word' id='word_1_19' title='bbox 613 410 655 444; x_wconf 86' lang='lat' dir='ltr'>et</span> <span class='ocrx_word' id='word_1_20' title='bbox 686 400 895 461; x_wconf 82' lang='lat' dir='ltr'>sapientia</span> <span class='ocrx_word' id='word_1_21' title='bbox 916 436 926 453; x_wconf 48' lang='lat'>2</span> <span class='ocrx_word' id='word_1_22' title='bbox 965 409 1038 443; x_wconf 84' lang='lat' dir='ltr'>aut</span> <span class='ocrx_word' id='word_1_23' title='bbox 1067 396 1296 442; x_wconf 78' lang='lat' dir='ltr'>beatitudo</span> <span class='ocrx_word' id='word_1_24' title='bbox 1313 407 1354 442; x_wconf 91' lang='lat' dir='ltr'>et</span> <span class='ocrx_word' id='word_1_25' title='bbox 1380 396 1618 459; x_wconf 69' lang='lat' dir='ltr'>sapientia?</span> 
     </span>
     <span class='ocr_line' id='line_1_4' title="bbox 246 467 1615 533; baseline -0.004 -17"><span class='ocrx_word' id='word_1_26' title='bbox 246 476 311 516; x_wconf 84' lang='lat' dir='ltr'>Ac</span> <span class='ocrx_word' id='word_1_27' title='bbox 336 487 415 533; x_wconf 87' lang='lat' dir='ltr'>per</span> <span class='ocrx_word' id='word_1_28' title='bbox 438 470 523 515; x_wconf 87' lang='lat' dir='ltr'>hoc</span> <span class='ocrx_word' id='word_1_29' title='bbox 547 470 658 515; x_wconf 87' lang='lat' dir='ltr'>sicut</span> <span class='ocrx_word' id='word_1_30' title='bbox 686 469 801 515; x_wconf 82' lang='lat' dir='ltr'>nihil</span> <span class='ocrx_word' id='word_1_31' title='bbox 833 469 1036 514; x_wconf 77' lang='lat' dir='ltr'>intererat</span> <span class='ocrx_word' id='word_1_32' title='bbox 1072 479 1216 513; x_wconf 82' lang='lat' dir='ltr'>utrum</span> <span class='ocrx_word' id='word_1_33' title='bbox 1249 467 1324 512; x_wconf 84' lang='lat' dir='ltr'>illa</span> <span class='ocrx_word' id='word_1_34' title='bbox 1359 467 1615 522; x_wconf 75' lang='lat' dir='ltr'>duodecim,</span> 
     </span>
     <span class='ocr_line' id='line_1_5' title="bbox 246 537 1620 602; baseline -0.002 -17"><span class='ocrx_word' id='word_1_35' title='bbox 246 558 298 585; x_wconf 89' lang='lat' dir='ltr'>an</span> <span class='ocrx_word' id='word_1_36' title='bbox 315 541 395 586; x_wconf 87' lang='lat' dir='ltr'>ista</span> <span class='ocrx_word' id='word_1_37' title='bbox 414 539 494 584; x_wconf 86' lang='lat' dir='ltr'>tria</span> <span class='ocrx_word' id='word_1_38' title='bbox 520 539 785 595; x_wconf 83' lang='lat' dir='ltr'>diceremus,</span> <span class='ocrx_word' id='word_1_39' title='bbox 813 539 990 602; x_wconf 88' lang='lat' dir='ltr'>quando</span> <span class='ocrx_word' id='word_1_40' title='bbox 1018 538 1092 584; x_wconf 87' lang='lat' dir='ltr'>illa</span> <span class='ocrx_word' id='word_1_41' title='bbox 1122 538 1259 583; x_wconf 88' lang='lat' dir='ltr'>multa</span> <span class='ocrx_word' id='word_1_42' title='bbox 1280 538 1325 583; x_wconf 87' lang='lat' dir='ltr'>in</span> <span class='ocrx_word' id='word_1_43' title='bbox 1344 539 1467 583; x_wconf 86' lang='lat' dir='ltr'>istam</span> <span class='ocrx_word' id='word_1_44' title='bbox 1494 537 1620 583; x_wconf 83' lang='lat' dir='ltr'>rede-</span> 
     </span>
     <span class='ocr_line' id='line_1_6' title="bbox 246 607 1619 673; baseline -0.002 -18"><span class='ocrx_word' id='word_1_45' title='bbox 246 610 385 669; x_wconf 83' lang='lat' dir='ltr'>gimus</span> <span class='ocrx_word' id='word_1_46' title='bbox 408 609 671 673; x_wconf 77' lang='lat' dir='ltr'>paucitatem</span> <span class='ocrx_word' id='word_1_47' title='bbox 694 627 704 654; x_wconf 89' lang='lat'>:</span> <span class='ocrx_word' id='word_1_48' title='bbox 730 610 790 655; x_wconf 89' lang='lat' dir='ltr'>ita</span> <span class='ocrx_word' id='word_1_49' title='bbox 818 609 930 654; x_wconf 88' lang='lat' dir='ltr'>nihil</span> <span class='ocrx_word' id='word_1_50' title='bbox 952 610 1129 655; x_wconf 88' lang='lat' dir='ltr'>interest</span> <span class='ocrx_word' id='word_1_51' title='bbox 1154 619 1302 653; x_wconf 84' lang='lat' dir='ltr'>utrum</span> <span class='ocrx_word' id='word_1_52' title='bbox 1330 608 1411 653; x_wconf 82' lang='lat' dir='ltr'>tria</span> <span class='ocrx_word' id='word_1_53' title='bbox 1447 608 1526 653; x_wconf 89' lang='lat' dir='ltr'>ista</span> <span class='ocrx_word' id='word_1_54' title='bbox 1547 607 1619 652; x_wconf 87' lang='lat' dir='ltr'>di-</span> 
     </span>
     <span class='ocr_line' id='line_1_7' title="bbox 246 678 1620 738; baseline -0.001 -14"><span class='ocrx_word' id='word_1_55' title='bbox 246 696 395 724; x_wconf 84' lang='lat' dir='ltr'>camus</span> <span class='ocrx_word' id='word_1_56' title='bbox 408 716 418 734; x_wconf 78' lang='grc'><em>,</em></span> <span class='ocrx_word' id='word_1_57' title='bbox 442 697 497 724; x_wconf 84' lang='lat' dir='ltr'>an</span> <span class='ocrx_word' id='word_1_58' title='bbox 515 679 627 724; x_wconf 87' lang='lat' dir='ltr'>illud</span> <span class='ocrx_word' id='word_1_59' title='bbox 645 696 781 724; x_wconf 85' lang='lat' dir='ltr'>unum</span> <span class='ocrx_word' id='word_1_60' title='bbox 798 679 843 723; x_wconf 91' lang='lat' dir='ltr'>in</span> <span class='ocrx_word' id='word_1_61' title='bbox 859 683 982 738; x_wconf 87' lang='lat' dir='ltr'>cujus</span> <span class='ocrx_word' id='word_1_62' title='bbox 999 678 1339 738; x_wconf 75' lang='lat' dir='ltr'>singularitatem</span> <span class='ocrx_word' id='word_1_63' title='bbox 1359 678 1447 723; x_wconf 91' lang='lat' dir='ltr'>duo</span> <span class='ocrx_word' id='word_1_64' title='bbox 1466 687 1620 724; x_wconf 75' lang='lat' dir='ltr'>caetera</span> 
     </span>
     <span class='ocr_line' id='line_1_8' title="bbox 246 748 1621 812; baseline 0 -19"><span class='ocrx_word' id='word_1_65' title='bbox 246 749 439 794; x_wconf 88' lang='lat' dir='ltr'>similiter</span> <span class='ocrx_word' id='word_1_66' title='bbox 458 748 594 808; x_wconf 83' lang='lat' dir='ltr'>redigi</span> <span class='ocrx_word' id='word_1_67' title='bbox 612 766 735 812; x_wconf 89' lang='lat' dir='ltr'>posse</span> <span class='ocrx_word' id='word_1_68' title='bbox 759 749 1107 795; x_wconf 82' lang='lat' dir='ltr'>monstravimus.</span> <span class='ocrx_word' id='word_1_69' title='bbox 1152 749 1260 804; x_wconf 85' lang='lat' dir='ltr'>Quis</span> <span class='ocrx_word' id='word_1_70' title='bbox 1286 750 1432 812; x_wconf 76' lang='lat' dir='ltr'>itaque</span> <span class='ocrx_word' id='word_1_71' title='bbox 1464 748 1621 811; x_wconf 80' lang='lat' dir='ltr'>dispu-</span> 
     </span>
     <span class='ocr_line' id='line_1_9' title="bbox 244 817 1622 881; baseline 0 -18"><span class='ocrx_word' id='word_1_72' title='bbox 244 818 367 871; x_wconf 82' lang='lat' dir='ltr'>tandi</span> <span class='ocrx_word' id='word_1_73' title='bbox 387 817 542 863; x_wconf 86' lang='lat' dir='ltr'>modus</span> <span class='ocrx_word' id='word_1_74' title='bbox 556 854 568 874; x_wconf 89' lang='lat'><strong>,</strong></span> <span class='ocrx_word' id='word_1_75' title='bbox 590 835 791 881; x_wconf 83' lang='lat' dir='ltr'>quaenam</span> <span class='ocrx_word' id='word_1_76' title='bbox 811 818 986 863; x_wconf 88' lang='lat' dir='ltr'>tandem</span> <span class='ocrx_word' id='word_1_77' title='bbox 1012 819 1075 864; x_wconf 90' lang='lat' dir='ltr'>vis</span> <span class='ocrx_word' id='word_1_78' title='bbox 1094 817 1363 876; x_wconf 86' lang='lat' dir='ltr'>intelligendi</span> <span class='ocrx_word' id='word_1_79' title='bbox 1383 829 1510 880; x_wconf 87' lang='lat' dir='ltr'>atque</span> <span class='ocrx_word' id='word_1_80' title='bbox 1535 835 1622 880; x_wconf 89' lang='lat' dir='ltr'>po·-</span> 
     </span>
     <span class='ocr_line' id='line_1_10' title="bbox 245 886 1622 952; baseline 0 -19"><span class='ocrx_word' id='word_1_81' title='bbox 245 889 400 944; x_wconf 83' lang='lat' dir='ltr'>tentia,</span> <span class='ocrx_word' id='word_1_82' title='bbox 422 905 521 952; x_wconf 88' lang='lat' dir='ltr'>quae</span> <span class='ocrx_word' id='word_1_83' title='bbox 541 888 749 934; x_wconf 79' lang='lat' dir='ltr'>vivacitas</span> <span class='ocrx_word' id='word_1_84' title='bbox 772 888 951 933; x_wconf 84' lang='lat' dir='ltr'>rationis</span> <span class='ocrx_word' id='word_1_85' title='bbox 967 925 976 943; x_wconf 82' lang='lat'>‚</span> <span class='ocrx_word' id='word_1_86' title='bbox 1005 905 1106 951; x_wconf 84' lang='lat' dir='ltr'>quae</span> <span class='ocrx_word' id='word_1_87' title='bbox 1126 886 1236 932; x_wconf 85' lang='lat' dir='ltr'>acies</span> <span class='ocrx_word' id='word_1_88' title='bbox 1260 887 1532 946; x_wconf 81' lang='lat' dir='ltr'>cogitationis</span> <span class='ocrx_word' id='word_1_89' title='bbox 1549 904 1622 933; x_wconf 51' lang='grc' dir='ltr'>οε,</span> 
     </span>
     <span class='ocr_line' id='line_1_11' title="bbox 247 956 1623 1020; baseline -0.001 -17"><span class='ocrx_word' id='word_1_90' title='bbox 247 958 421 1014; x_wconf 80' lang='lat' dir='ltr'>tendet,</span> <span class='ocrx_word' id='word_1_91' title='bbox 452 969 500 1003; x_wconf 88' lang='lat' dir='ltr'>ut</span> <span class='ocrx_word' id='word_1_92' title='bbox 529 958 611 1003; x_wconf 88' lang='lat' dir='ltr'>alia</span> <span class='ocrx_word' id='word_1_93' title='bbox 634 962 726 1018; x_wconf 86' lang='lat' dir='ltr'>jam</span> <span class='ocrx_word' id='word_1_94' title='bbox 760 969 923 1003; x_wconf 85' lang='lat' dir='ltr'>taceam</span> <span class='ocrx_word' id='word_1_95' title='bbox 943 995 953 1012; x_wconf 72' lang='lat'><em>‚</em></span> <span class='ocrx_word' id='word_1_96' title='bbox 988 957 1077 1003; x_wconf 79' lang='lat' dir='ltr'>lioc</span> <span class='ocrx_word' id='word_1_97' title='bbox 1110 974 1246 1002; x_wconf 90' lang='lat' dir='ltr'>unum</span> <span class='ocrx_word' id='word_1_98' title='bbox 1271 956 1391 1020; x_wconf 91' lang='lat' dir='ltr'>quod</span> <span class='ocrx_word' id='word_1_99' title='bbox 1414 957 1623 1020; x_wconf 81' lang='lat' dir='ltr'>sapientia</span> 
     </span>
     <span class='ocr_line' id='line_1_12' title="bbox 247 1027 1625 1091; baseline 0 -18"><span class='ocrx_word' id='word_1_100' title='bbox 247 1028 407 1074; x_wconf 91' lang='lat' dir='ltr'>dicitur</span> <span class='ocrx_word' id='word_1_101' title='bbox 433 1029 574 1084; x_wconf 81' lang='lat' dir='ltr'>Deus,</span> <span class='ocrx_word' id='word_1_102' title='bbox 602 1027 822 1091; x_wconf 87' lang='lat' dir='ltr'>quomodo</span> <span class='ocrx_word' id='word_1_103' title='bbox 846 1028 898 1073; x_wconf 85' lang='lat' dir='ltr'>sit</span> <span class='ocrx_word' id='word_1_104' title='bbox 926 1028 1149 1073; x_wconf 62' lang='lat' dir='ltr'>Trinitas?</span> <span class='ocrx_word' id='word_1_105' title='bbox 1185 1028 1336 1090; x_wconf 68' lang='lat' dir='ltr'>Neque</span> <span class='ocrx_word' id='word_1_106' title='bbox 1361 1027 1474 1072; x_wconf 88' lang='lat' dir='ltr'>enim</span> <span class='ocrx_word' id='word_1_107' title='bbox 1511 1027 1625 1073; x_wconf 90' lang='lat' dir='ltr'>sicut</span> 
     </span>
     <span class='ocr_line' id='line_1_13' title="bbox 249 1097 1620 1161; baseline -0.001 -17"><span class='ocrx_word' id='word_1_108' title='bbox 249 1116 327 1144; x_wconf 88' lang='lat' dir='ltr'>nos</span> <span class='ocrx_word' id='word_1_109' title='bbox 347 1098 399 1143; x_wconf 91' lang='lat' dir='ltr'>de</span> <span class='ocrx_word' id='word_1_110' title='bbox 418 1098 492 1143; x_wconf 92' lang='lat' dir='ltr'>illo</span> <span class='ocrx_word' id='word_1_111' title='bbox 520 1099 788 1161; x_wconf 81' lang='lat' dir='ltr'>percipimus</span> <span class='ocrx_word' id='word_1_112' title='bbox 823 1099 1077 1161; x_wconf 79' lang='lat' dir='ltr'>sapientiam</span> <span class='ocrx_word' id='word_1_113' title='bbox 1095 1135 1104 1153; x_wconf 78' lang='grc'><em>,</em></span> <span class='ocrx_word' id='word_1_114' title='bbox 1134 1098 1194 1143; x_wconf 89' lang='lat' dir='ltr'>ita</span> <span class='ocrx_word' id='word_1_115' title='bbox 1229 1098 1342 1142; x_wconf 82' lang='lat' dir='ltr'>Deus</span> <span class='ocrx_word' id='word_1_116' title='bbox 1363 1098 1416 1142; x_wconf 89' lang='lat' dir='ltr'>de</span> <span class='ocrx_word' id='word_1_117' title='bbox 1439 1097 1584 1161; x_wconf 89' lang='lat' dir='ltr'>aliquo</span> <span class='ocrx_word' id='word_1_118' title='bbox 1609 1115 1620 1142; x_wconf 86' lang='lat'><strong>:</strong></span> 
     </span>
     <span class='ocr_line' id='line_1_14' title="bbox 248 1167 1625 1231; baseline 0 -17"><span class='ocrx_word' id='word_1_119' title='bbox 248 1168 322 1214; x_wconf 87' lang='lat' dir='ltr'>sed</span> <span class='ocrx_word' id='word_1_120' title='bbox 344 1184 421 1213; x_wconf 89' lang='lat' dir='ltr'>sua</span> <span class='ocrx_word' id='word_1_121' title='bbox 446 1177 508 1213; x_wconf 86' lang='lat' dir='ltr'>est</span> <span class='ocrx_word' id='word_1_122' title='bbox 535 1168 627 1230; x_wconf 89' lang='lat' dir='ltr'>ipse</span> <span class='ocrx_word' id='word_1_123' title='bbox 658 1168 895 1231; x_wconf 78' lang='lat' dir='ltr'>sapientia3</span> <span class='ocrx_word' id='word_1_124' title='bbox 930 1169 1032 1230; x_wconf 87' lang='lat' dir='ltr'>quia</span> <span class='ocrx_word' id='word_1_125' title='bbox 1064 1185 1151 1213; x_wconf 87' lang='lat' dir='ltr'>non</span> <span class='ocrx_word' id='word_1_126' title='bbox 1178 1178 1239 1212; x_wconf 90' lang='lat' dir='ltr'>est</span> <span class='ocrx_word' id='word_1_127' title='bbox 1267 1167 1386 1212; x_wconf 82' lang='lat' dir='ltr'>aliud</span> <span class='ocrx_word' id='word_1_128' title='bbox 1414 1168 1625 1230; x_wconf 85' lang='lat' dir='ltr'>sapientia</span> 
     </span>
     <span class='ocr_line' id='line_1_15' title="bbox 248 1237 1616 1300; baseline 0.001 -17"><span class='ocrx_word' id='word_1_129' title='bbox 248 1242 339 1297; x_wconf 85' lang='lat' dir='ltr'>ejus</span> <span class='ocrx_word' id='word_1_130' title='bbox 352 1274 362 1291; x_wconf 88' lang='lat'><strong>‚</strong></span> <span class='ocrx_word' id='word_1_131' title='bbox 387 1237 505 1282; x_wconf 87' lang='lat' dir='ltr'>aliud</span> <span class='ocrx_word' id='word_1_132' title='bbox 527 1239 706 1283; x_wconf 88' lang='lat' dir='ltr'>essentia</span> <span class='ocrx_word' id='word_1_133' title='bbox 720 1276 731 1294; x_wconf 77' lang='lat'>‚</span> <span class='ocrx_word' id='word_1_134' title='bbox 754 1241 824 1283; x_wconf 85' lang='lat' dir='ltr'>cui</span> <span class='ocrx_word' id='word_1_135' title='bbox 844 1238 929 1283; x_wconf 83' lang='lat' dir='ltr'>hoc</span> <span class='ocrx_word' id='word_1_136' title='bbox 945 1249 1006 1283; x_wconf 90' lang='lat' dir='ltr'>est</span> <span class='ocrx_word' id='word_1_137' title='bbox 1021 1255 1106 1283; x_wconf 84' lang='lat' dir='ltr'>esse</span> <span class='ocrx_word' id='word_1_138' title='bbox 1121 1237 1241 1300; x_wconf 89' lang='lat' dir='ltr'>quod</span> <span class='ocrx_word' id='word_1_139' title='bbox 1262 1237 1498 1300; x_wconf 85' lang='lat' dir='ltr'>sapientem</span> <span class='ocrx_word' id='word_1_140' title='bbox 1517 1256 1616 1285; x_wconf 88' lang='lat' dir='ltr'>esse.</span> 
     </span>
     <span class='ocr_line' id='line_1_16' title="bbox 248 1308 1620 1371; baseline 0.001 -18"><span class='ocrx_word' id='word_1_141' title='bbox 248 1309 421 1353; x_wconf 89' lang='lat' dir='ltr'>Dicitur</span> <span class='ocrx_word' id='word_1_142' title='bbox 442 1308 619 1371; x_wconf 88' lang='lat' dir='ltr'>quidem</span> <span class='ocrx_word' id='word_1_143' title='bbox 637 1309 682 1353; x_wconf 89' lang='lat' dir='ltr'>in</span> <span class='ocrx_word' id='word_1_144' title='bbox 705 1309 943 1371; x_wconf 85' lang='lat' dir='ltr'>Scripturis</span> <span class='ocrx_word' id='word_1_145' title='bbox 967 1310 1125 1354; x_wconf 80' lang='lat' dir='ltr'>sanctis</span> <span class='ocrx_word' id='word_1_146' title='bbox 1141 1308 1345 1353; x_wconf 82' lang='lat' dir='ltr'>Christus</span> <span class='ocrx_word' id='word_1_147' title='bbox 1369 1308 1446 1353; x_wconf 80' lang='lat' dir='ltr'>Dei</span> <span class='ocrx_word' id='word_1_148' title='bbox 1466 1309 1620 1364; x_wconf 85' lang='lat' dir='ltr'>virtus,</span> 
     </span>
     <span class='ocr_line' id='line_1_17' title="bbox 246 1377 1620 1441; baseline -0.001 -17"><span class='ocrx_word' id='word_1_149' title='bbox 246 1390 288 1424; x_wconf 86' lang='lat' dir='ltr'>et</span> <span class='ocrx_word' id='word_1_150' title='bbox 307 1379 386 1423; x_wconf 89' lang='lat' dir='ltr'>Dei</span> <span class='ocrx_word' id='word_1_151' title='bbox 408 1377 645 1440; x_wconf 74' lang='lat' dir='ltr'>sapientia‘1</span> <span class='ocrx_word' id='word_1_152' title='bbox 670 1397 680 1423; x_wconf 90' lang='lat'>:</span> <span class='ocrx_word' id='word_1_153' title='bbox 708 1379 780 1424; x_wconf 90' lang='lat' dir='ltr'>sed</span> <span class='ocrx_word' id='word_1_154' title='bbox 803 1379 1173 1441; x_wconf 83' lang='lat' dir='ltr'>quemadmodum</span> <span class='ocrx_word' id='word_1_155' title='bbox 1197 1379 1250 1423; x_wconf 89' lang='lat' dir='ltr'>sit</span> <span class='ocrx_word' id='word_1_156' title='bbox 1272 1378 1620 1437; x_wconf 85' lang='lat' dir='ltr'>intelligendum,</span> 
     </span>
     <span class='ocr_line' id='line_1_18' title="bbox 248 1448 1624 1513; baseline 0 -19"><span class='ocrx_word' id='word_1_157' title='bbox 248 1466 300 1494; x_wconf 86' lang='lat' dir='ltr'>ne</span> <span class='ocrx_word' id='word_1_158' title='bbox 319 1451 492 1494; x_wconf 87' lang='lat' dir='ltr'>Patrem</span> <span class='ocrx_word' id='word_1_159' title='bbox 513 1448 642 1494; x_wconf 85' lang='lat' dir='ltr'>Filius</span> <span class='ocrx_word' id='word_1_160' title='bbox 662 1449 860 1496; x_wconf 79' lang='lat' dir='ltr'>videatur</span> <span class='ocrx_word' id='word_1_161' title='bbox 876 1449 1015 1495; x_wconf 82' lang='lat' dir='ltr'>facere</span> <span class='ocrx_word' id='word_1_162' title='bbox 1034 1451 1269 1513; x_wconf 88' lang='lat' dir='ltr'>sapientem</span> <span class='ocrx_word' id='word_1_163' title='bbox 1287 1487 1297 1505; x_wconf 85' lang='lat'>‚</span> <span class='ocrx_word' id='word_1_164' title='bbox 1319 1450 1365 1494; x_wconf 90' lang='lat' dir='ltr'>in</span> <span class='ocrx_word' id='word_1_165' title='bbox 1388 1449 1503 1494; x_wconf 85' lang='lat' dir='ltr'>libro</span> <span class='ocrx_word' id='word_1_166' title='bbox 1523 1467 1624 1513; x_wconf 85' lang='lat' dir='ltr'>sep-</span> 
     </span>
     <span class='ocr_line' id='line_1_19' title="bbox 248 1519 1625 1582; baseline 0.001 -18"><span class='ocrx_word' id='word_1_167' title='bbox 248 1520 352 1565; x_wconf 90' lang='lat' dir='ltr'>timo</span> <span class='ocrx_word' id='word_1_168' title='bbox 373 1519 643 1582; x_wconf 86' lang='lat' dir='ltr'>disputatum</span> <span class='ocrx_word' id='word_1_169' title='bbox 668 1531 757 1573; x_wconf 78' lang='lat' dir='ltr'>est3</span> <span class='ocrx_word' id='word_1_170' title='bbox 794 1531 835 1565; x_wconf 88' lang='lat' dir='ltr'>et</span> <span class='ocrx_word' id='word_1_171' title='bbox 865 1521 921 1566; x_wconf 91' lang='lat' dir='ltr'>ad</span> <span class='ocrx_word' id='word_1_172' title='bbox 954 1521 1040 1566; x_wconf 90' lang='lat' dir='ltr'>hoc</span> <span class='ocrx_word' id='word_1_173' title='bbox 1069 1521 1205 1565; x_wconf 88' lang='lat' dir='ltr'>oratio</span> <span class='ocrx_word' id='word_1_174' title='bbox 1229 1520 1451 1582; x_wconf 78' lang='lat' dir='ltr'>pervenit,</span> <span class='ocrx_word' id='word_1_175' title='bbox 1487 1530 1534 1565; x_wconf 88' lang='lat' dir='ltr'>ut</span> <span class='ocrx_word' id='word_1_176' title='bbox 1563 1523 1625 1566; x_wconf 89' lang='lat' dir='ltr'>sic</span> 
     </span>
     <span class='ocr_line' id='line_1_20' title="bbox 249 1589 1625 1654; baseline 0.001 -21"><span class='ocrx_word' id='word_1_177' title='bbox 249 1590 303 1634; x_wconf 91' lang='lat' dir='ltr'>sit</span> <span class='ocrx_word' id='word_1_178' title='bbox 329 1589 461 1633; x_wconf 87' lang='lat' dir='ltr'>Filius</span> <span class='ocrx_word' id='word_1_179' title='bbox 487 1589 699 1652; x_wconf 87' lang='lat' dir='ltr'>sapientia</span> <span class='ocrx_word' id='word_1_180' title='bbox 723 1590 776 1635; x_wconf 90' lang='lat' dir='ltr'>de</span> <span class='ocrx_word' id='word_1_181' title='bbox 800 1591 1009 1653; x_wconf 86' lang='lat' dir='ltr'>sapientia</span> <span class='ocrx_word' id='word_1_182' title='bbox 1027 1627 1038 1645; x_wconf 86' lang='grc'>,</span> <span class='ocrx_word' id='word_1_183' title='bbox 1071 1589 1442 1654; x_wconf 87' lang='lat' dir='ltr'>quemadmodum</span> <span class='ocrx_word' id='word_1_184' title='bbox 1477 1589 1625 1635; x_wconf 87' lang='lat' dir='ltr'>lumen</span> 
     </span>
     <span class='ocr_line' id='line_1_21' title="bbox 249 1659 1624 1722; baseline -0.001 -17"><span class='ocrx_word' id='word_1_185' title='bbox 249 1659 301 1705; x_wconf 89' lang='lat' dir='ltr'>de</span> <span class='ocrx_word' id='word_1_186' title='bbox 330 1659 516 1715; x_wconf 84' lang='lat' dir='ltr'>lumine,</span> <span class='ocrx_word' id='word_1_187' title='bbox 546 1660 661 1704; x_wconf 83' lang='lat' dir='ltr'>Deus</span> <span class='ocrx_word' id='word_1_188' title='bbox 690 1659 743 1704; x_wconf 90' lang='lat' dir='ltr'>de</span> <span class='ocrx_word' id='word_1_189' title='bbox 774 1660 880 1706; x_wconf 80' lang='lat' dir='ltr'>Deo.</span> <span class='ocrx_word' id='word_1_190' title='bbox 921 1660 1010 1704; x_wconf 80' lang='lat' dir='ltr'>Nec</span> <span class='ocrx_word' id='word_1_191' title='bbox 1035 1659 1154 1705; x_wconf 89' lang='lat' dir='ltr'>aliud</span> <span class='ocrx_word' id='word_1_192' title='bbox 1185 1660 1409 1722; x_wconf 89' lang='lat' dir='ltr'>potuimus</span> <span class='ocrx_word' id='word_1_193' title='bbox 1432 1659 1624 1705; x_wconf 85' lang='lat' dir='ltr'>invenire</span> 
     </span>
     <span class='ocr_line' id='line_1_22' title="bbox 252 1730 1625 1793; baseline 0.001 -19"><span class='ocrx_word' id='word_1_194' title='bbox 252 1731 466 1792; x_wconf 81' lang='lat' dir='ltr'>Spiritum</span> <span class='ocrx_word' id='word_1_195' title='bbox 492 1741 690 1775; x_wconf 86' lang='lat' dir='ltr'>sanctum</span> <span class='ocrx_word' id='word_1_196' title='bbox 708 1767 718 1785; x_wconf 80' lang='grc'>,</span> <span class='ocrx_word' id='word_1_197' title='bbox 743 1731 825 1775; x_wconf 87' lang='lat' dir='ltr'>nisi</span> <span class='ocrx_word' id='word_1_198' title='bbox 845 1741 885 1775; x_wconf 83' lang='lat' dir='ltr'>et</span> <span class='ocrx_word' id='word_1_199' title='bbox 908 1731 1051 1793; x_wconf 89' lang='lat' dir='ltr'>ipsum</span> <span class='ocrx_word' id='word_1_200' title='bbox 1081 1747 1167 1776; x_wconf 89' lang='lat' dir='ltr'>esse</span> <span class='ocrx_word' id='word_1_201' title='bbox 1189 1730 1469 1793; x_wconf 75' lang='lat' dir='ltr'>sapientiam,</span> <span class='ocrx_word' id='word_1_202' title='bbox 1498 1741 1541 1775; x_wconf 88' lang='lat' dir='ltr'>et</span> <span class='ocrx_word' id='word_1_203' title='bbox 1564 1731 1625 1776; x_wconf 92' lang='lat' dir='ltr'>si-</span> 
     </span>
     <span class='ocr_line' id='line_1_23' title="bbox 248 1801 1622 1863; baseline 0 -17"><span class='ocrx_word' id='word_1_204' title='bbox 248 1801 341 1846; x_wconf 89' lang='lat' dir='ltr'>mul</span> <span class='ocrx_word' id='word_1_205' title='bbox 362 1817 508 1846; x_wconf 90' lang='lat' dir='ltr'>omnes</span> <span class='ocrx_word' id='word_1_206' title='bbox 531 1817 662 1844; x_wconf 84' lang='lat' dir='ltr'>unam</span> <span class='ocrx_word' id='word_1_207' title='bbox 688 1801 941 1863; x_wconf 85' lang='lat' dir='ltr'>sapientiam</span> <span class='ocrx_word' id='word_1_208' title='bbox 957 1838 967 1856; x_wconf 71' lang='grc'>,</span> <span class='ocrx_word' id='word_1_209' title='bbox 997 1803 1108 1846; x_wconf 92' lang='lat' dir='ltr'>sicut</span> <span class='ocrx_word' id='word_1_210' title='bbox 1134 1818 1271 1846; x_wconf 89' lang='lat' dir='ltr'>unum</span> <span class='ocrx_word' id='word_1_211' title='bbox 1297 1802 1434 1846; x_wconf 82' lang='lat' dir='ltr'>Deum</span> <span class='ocrx_word' id='word_1_212' title='bbox 1451 1838 1461 1858; x_wconf 86' lang='lat'>‚</span> <span class='ocrx_word' id='word_1_213' title='bbox 1490 1818 1622 1846; x_wconf 87' lang='lat' dir='ltr'>unam</span> 
     </span>
     <span class='ocr_line' id='line_1_24' title="bbox 247 1871 1621 1935; baseline 0.001 -20"><span class='ocrx_word' id='word_1_214' title='bbox 247 1872 485 1916; x_wconf 89' lang='lat' dir='ltr'>essentiam.</span> <span class='ocrx_word' id='word_1_215' title='bbox 522 1871 648 1915; x_wconf 87' lang='lat' dir='ltr'>Hanc</span> <span class='ocrx_word' id='word_1_216' title='bbox 677 1887 777 1930; x_wconf 82' lang='lat' dir='ltr'>ergo</span> <span class='ocrx_word' id='word_1_217' title='bbox 810 1871 1063 1934; x_wconf 80' lang='lat' dir='ltr'>sapientiam</span> <span class='ocrx_word' id='word_1_218' title='bbox 1092 1871 1212 1935; x_wconf 88' lang='lat' dir='ltr'>quod</span> <span class='ocrx_word' id='word_1_219' title='bbox 1245 1881 1304 1916; x_wconf 89' lang='lat' dir='ltr'>est</span> <span class='ocrx_word' id='word_1_220' title='bbox 1335 1872 1474 1925; x_wconf 82' lang='lat' dir='ltr'>Deus,</span> <span class='ocrx_word' id='word_1_221' title='bbox 1506 1889 1621 1934; x_wconf 92' lang='lat' dir='ltr'>quo-</span> 
     </span>
     <span class='ocr_line' id='line_1_25' title="bbox 248 1939 1620 2005; baseline 0.001 -19"><span class='ocrx_word' id='word_1_222' title='bbox 248 1940 378 1986; x_wconf 88' lang='lat' dir='ltr'>modo</span> <span class='ocrx_word' id='word_1_223' title='bbox 402 1939 681 1999; x_wconf 76' lang='lat' dir='ltr'>intelligimus</span> <span class='ocrx_word' id='word_1_224' title='bbox 704 1958 789 1986; x_wconf 91' lang='lat' dir='ltr'>esse</span> <span class='ocrx_word' id='word_1_225' title='bbox 810 1941 1065 1986; x_wconf 87' lang='lat' dir='ltr'>Trinitatem</span> <span class='ocrx_word' id='word_1_226' title='bbox 1080 1945 1097 1986; x_wconf 71' lang='lat'>2³</span> <span class='ocrx_word' id='word_1_227' title='bbox 1133 1943 1230 1986; x_wconf 75' lang='lat' dir='ltr'>Non</span> <span class='ocrx_word' id='word_1_228' title='bbox 1261 1941 1348 1986; x_wconf 69' lang='lat' dir='ltr'>dixi</span> <span class='ocrx_word' id='word_1_229' title='bbox 1363 1979 1373 1996; x_wconf 82' lang='lat'>‚</span> <span class='ocrx_word' id='word_1_230' title='bbox 1396 1942 1620 2005; x_wconf 85' lang='lat' dir='ltr'>quomodo</span> 
     </span>
     <span class='ocr_line' id='line_1_26' title="bbox 248 2010 1619 2075; baseline 0.001 -18"><span class='ocrx_word' id='word_1_231' title='bbox 248 2011 490 2063; x_wconf 83' lang='lat' dir='ltr'>credimus;</span> <span class='ocrx_word' id='word_1_232' title='bbox 515 2027 615 2055; x_wconf 88' lang='lat' dir='ltr'>nam</span> <span class='ocrx_word' id='word_1_233' title='bbox 636 2010 723 2055; x_wconf 77' lang='lat' dir='ltr'>lioc</span> <span class='ocrx_word' id='word_1_234' title='bbox 742 2011 852 2056; x_wconf 89' lang='lat' dir='ltr'>inter</span> <span class='ocrx_word' id='word_1_235' title='bbox 870 2011 1016 2056; x_wconf 87' lang='lat' dir='ltr'>fideles</span> <span class='ocrx_word' id='word_1_236' title='bbox 1041 2029 1128 2056; x_wconf 90' lang='lat' dir='ltr'>non</span> <span class='ocrx_word' id='word_1_237' title='bbox 1145 2011 1274 2056; x_wconf 87' lang='lat' dir='ltr'>debet</span> <span class='ocrx_word' id='word_1_238' title='bbox 1296 2012 1457 2056; x_wconf 86' lang='lat' dir='ltr'>habere</span> <span class='ocrx_word' id='word_1_239' title='bbox 1473 2030 1619 2075; x_wconf 81' lang='lat' dir='ltr'>quaes-</span> 
     </span>
     <span class='ocr_line' id='line_1_27' title="bbox 248 2079 1614 2145; baseline 0.002 -19"><span class='ocrx_word' id='word_1_240' title='bbox 248 2083 406 2126; x_wconf 90' lang='lat' dir='ltr'>tionem</span> <span class='ocrx_word' id='word_1_241' title='bbox 430 2098 441 2125; x_wconf 87' lang='lat'>:</span> <span class='ocrx_word' id='word_1_242' title='bbox 466 2079 539 2125; x_wconf 88' lang='lat' dir='ltr'>sed</span> <span class='ocrx_word' id='word_1_243' title='bbox 558 2080 591 2125; x_wconf 91' lang='lat' dir='ltr'>si</span> <span class='ocrx_word' id='word_1_244' title='bbox 617 2080 761 2144; x_wconf 82' lang='lat' dir='ltr'>aliquo</span> <span class='ocrx_word' id='word_1_245' title='bbox 782 2081 914 2126; x_wconf 88' lang='lat' dir='ltr'>modo</span> <span class='ocrx_word' id='word_1_246' title='bbox 938 2099 1016 2144; x_wconf 89' lang='lat' dir='ltr'>per</span> <span class='ocrx_word' id='word_1_247' title='bbox 1038 2082 1361 2141; x_wconf 82' lang='lat' dir='ltr'>intelligentiam</span> <span class='ocrx_word' id='word_1_248' title='bbox 1385 2101 1614 2145; x_wconf 89' lang='lat' dir='ltr'>possumus</span> 
     </span>
     <span class='ocr_line' id='line_1_28' title="bbox 244 2149 1321 2214; baseline 0.001 -18"><span class='ocrx_word' id='word_1_249' title='bbox 244 2151 389 2197; x_wconf 83' lang='lat' dir='ltr'>videre</span> <span class='ocrx_word' id='word_1_250' title='bbox 413 2149 530 2213; x_wconf 91' lang='lat' dir='ltr'>quod</span> <span class='ocrx_word' id='word_1_251' title='bbox 561 2150 775 2196; x_wconf 88' lang='lat' dir='ltr'>credimus</span> <span class='ocrx_word' id='word_1_252' title='bbox 791 2188 801 2207; x_wconf 81' lang='lat'>‚</span> <span class='ocrx_word' id='word_1_253' title='bbox 829 2151 923 2214; x_wconf 87' lang='lat' dir='ltr'>quis</span> <span class='ocrx_word' id='word_1_254' title='bbox 939 2152 1016 2197; x_wconf 86' lang='lat' dir='ltr'>iste</span> <span class='ocrx_word' id='word_1_255' title='bbox 1035 2153 1115 2197; x_wconf 88' lang='lat' dir='ltr'>erit</span> <span class='ocrx_word' id='word_1_256' title='bbox 1134 2152 1321 2198; x_wconf 61' lang='lat' dir='ltr'>modus?</span> 
     </span>
    </p>

    <p class='ocr_par' dir='ltr' id='par_1_3' title="bbox 239 2221 1617 2568">
     <span class='ocr_line' id='line_1_29' title="bbox 310 2221 1616 2288; baseline 0.003 -21"><span class='ocrx_word' id='word_1_257' title='bbox 310 2224 364 2268; x_wconf 85' lang='lat' dir='ltr'>X.</span> <span class='ocrx_word' id='word_1_258' title='bbox 399 2222 446 2266; x_wconf 89' lang='lat' dir='ltr'>Si</span> <span class='ocrx_word' id='word_1_259' title='bbox 479 2221 591 2266; x_wconf 89' lang='lat' dir='ltr'>enim</span> <span class='ocrx_word' id='word_1_260' title='bbox 616 2222 856 2267; x_wconf 88' lang='lat' dir='ltr'>recolamus</span> <span class='ocrx_word' id='word_1_261' title='bbox 886 2223 962 2268; x_wconf 83' lang='lat' dir='ltr'>ubi</span> <span class='ocrx_word' id='word_1_262' title='bbox 990 2234 1133 2269; x_wconf 84' lang='lat' dir='ltr'>nostro</span> <span class='ocrx_word' id='word_1_263' title='bbox 1166 2223 1403 2269; x_wconf 86' lang='lat' dir='ltr'>intellectui</span> <span class='ocrx_word' id='word_1_264' title='bbox 1431 2225 1616 2288; x_wconf 82' lang='lat' dir='ltr'>coeperit</span> 
     </span>
     <span class='ocr_line' id='line_1_30' title="bbox 245 2291 1617 2355; baseline 0.002 -18"><span class='ocrx_word' id='word_1_265' title='bbox 245 2294 289 2337; x_wconf 88' lang='lat' dir='ltr'>in</span> <span class='ocrx_word' id='word_1_266' title='bbox 322 2292 391 2336; x_wconf 86' lang='lat' dir='ltr'>his</span> <span class='ocrx_word' id='word_1_267' title='bbox 421 2291 544 2335; x_wconf 83' lang='lat' dir='ltr'>libris</span> <span class='ocrx_word' id='word_1_268' title='bbox 581 2292 770 2337; x_wconf 85' lang='lat' dir='ltr'>Trinitas</span> <span class='ocrx_word' id='word_1_269' title='bbox 805 2309 1041 2355; x_wconf 80' lang='lat' dir='ltr'>apparere,</span> <span class='ocrx_word' id='word_1_270' title='bbox 1078 2305 1257 2339; x_wconf 77' lang='lat' dir='ltr'>octavus</span> <span class='ocrx_word' id='word_1_271' title='bbox 1296 2296 1500 2341; x_wconf 84' lang='lat' dir='ltr'>occurrit.</span> <span class='ocrx_word' id='word_1_272' title='bbox 1546 2296 1617 2340; x_wconf 85' lang='lat' dir='ltr'>lbi</span> 
     </span>
     <span class='ocr_line' id='line_1_31' title="bbox 243 2362 1615 2426; baseline 0.003 -19"><span class='ocrx_word' id='word_1_273' title='bbox 243 2363 423 2425; x_wconf 83' lang='lat' dir='ltr'>quippe,</span> <span class='ocrx_word' id='word_1_274' title='bbox 444 2372 492 2406; x_wconf 89' lang='lat' dir='ltr'>ut</span> <span class='ocrx_word' id='word_1_275' title='bbox 506 2362 746 2424; x_wconf 79' lang='lat' dir='ltr'>potuimus,</span> <span class='ocrx_word' id='word_1_276' title='bbox 765 2363 1031 2426; x_wconf 63' lang='lat' dir='ltr'>disputando</span> <span class='ocrx_word' id='word_1_277' title='bbox 1049 2365 1207 2423; x_wconf 87' lang='lat' dir='ltr'>erigere</span> <span class='ocrx_word' id='word_1_278' title='bbox 1222 2366 1481 2411; x_wconf 79' lang='lat' dir='ltr'>tentavimus</span> <span class='ocrx_word' id='word_1_279' title='bbox 1499 2383 1615 2411; x_wconf 89' lang='lat' dir='ltr'>men-</span> 
     </span>
     <span class='ocr_line' id='line_1_32' title="bbox 243 2432 1614 2498; baseline 0.001 -20"><span class='ocrx_word' id='word_1_280' title='bbox 243 2433 295 2478; x_wconf 91' lang='lat' dir='ltr'>tis</span> <span class='ocrx_word' id='word_1_281' title='bbox 322 2432 602 2477; x_wconf 87' lang='lat' dir='ltr'>intentionem</span> <span class='ocrx_word' id='word_1_282' title='bbox 631 2432 684 2476; x_wconf 89' lang='lat' dir='ltr'>ad</span> <span class='ocrx_word' id='word_1_283' title='bbox 714 2433 1034 2493; x_wconf 87' lang='lat' dir='ltr'>intelligendam</span> <span class='ocrx_word' id='word_1_284' title='bbox 1063 2434 1180 2479; x_wconf 89' lang='lat' dir='ltr'>illam</span> <span class='ocrx_word' id='word_1_285' title='bbox 1214 2436 1614 2498; x_wconf 64' lang='lat' dir='ltr'>praestantissimam</span> 
     </span>
     <span class='ocr_line' id='line_1_33' title="bbox 239 2502 1606 2568; baseline 0.002 -19"><span class='ocrx_word' id='word_1_286' title='bbox 239 2502 644 2565; x_wconf 88' lang='lat' dir='ltr'>immutabilemque</span> <span class='ocrx_word' id='word_1_287' title='bbox 678 2513 875 2550; x_wconf 88' lang='lat' dir='ltr'>naturam</span> <span class='ocrx_word' id='word_1_288' title='bbox 896 2541 906 2561; x_wconf 77' lang='lat'><strong><em>‚</em></strong></span> <span class='ocrx_word' id='word_1_289' title='bbox 943 2505 1061 2568; x_wconf 87' lang='lat' dir='ltr'>quod</span> <span class='ocrx_word' id='word_1_290' title='bbox 1088 2516 1232 2551; x_wconf 88' lang='lat' dir='ltr'>nostra</span> <span class='ocrx_word' id='word_1_291' title='bbox 1268 2523 1385 2551; x_wconf 90' lang='lat' dir='ltr'>mens</span> <span class='ocrx_word' id='word_1_292' title='bbox 1413 2523 1500 2552; x_wconf 90' lang='lat' dir='ltr'>non</span> <span class='ocrx_word' id='word_1_293' title='bbox 1531 2517 1606 2552; x_wconf 84' lang='lat' dir='ltr'>est.</span> 
     </span>
    </p>
   </div>
   <div class='ocr_carea' id='block_1_3' title="bbox 288 2586 541 2623">
    <p class='ocr_par' dir='ltr' id='par_1_4' title="bbox 288 2586 541 2623">
     <span class='ocr_line' id='line_1_34' title="bbox 288 2586 541 2623; baseline 0.004 -6"><span class='ocrx_word' id='word_1_294' title='bbox 288 2586 298 2607; x_wconf 88' lang='lat'><strong>¹</strong></span> <span class='ocrx_word' id='word_1_295' title='bbox 322 2598 334 2616; x_wconf 91' lang='lat'>1</span> <span class='ocrx_word' id='word_1_296' title='bbox 353 2587 427 2617; x_wconf 81' lang='lat' dir='ltr'>Cor.</span> <span class='ocrx_word' id='word_1_297' title='bbox 442 2596 465 2623; x_wconf 84' lang='lat'>1,</span> <span class='ocrx_word' id='word_1_298' title='bbox 485 2592 541 2621; x_wconf 69' lang='lat'>24.</span> 
     </span>
    </p>
   </div>
   <div class='ocr_carea' id='block_1_4' title="bbox 1843 0 1894 3154">
    <p class='ocr_par' dir='ltr' id='par_1_5' title="bbox 1843 0 1894 3154">
     <span class='ocr_line' id='line_1_35' title="bbox 1843 0 1894 3154; baseline 0 0"><span class='ocrx_word' id='word_1_299' title='bbox 1843 0 1894 3154; x_wconf 95' lang='lat' dir='ltr'> </span> 
     </span>
    </p>
   </div>
  </div>
 </body>
</html>
