1907 3204
263 296 293 350 4
683 306 719 334 s.
762 305 1005 334 Aucus‘rixl
1041 303 1245 333 131¹1SCOP1

260 372 368 418 fecte
385 388 471 417 non
488 379 628 434 potest
646 405 656 424 ,
689 367 840 413 melius
855 366 1027 412 duobus
1050 367 1377 429 interpretatur,
1398 376 1445 411 ut
1461 366 1632 414 dicatur

260 442 409 506 potius
429 442 506 486 Dei
531 439 688 485 cultus
713 438 841 483 Hanc
859 455 943 482 esse
965 437 1155 482 hominis
1176 436 1428 499 sapientiam
1451 438 1569 501 quod
1593 449 1634 484 et

262 512 306 558 in
347 509 607 557 duodecimo
647 508 780 567 hujus
813 507 968 570 Operis
1002 506 1220 552 volumine
1251 510 1341 565 jam
1381 508 1605 570 posuimus
1620 546 1630 565 ‚

268 582 507 645 Scripturae
545 589 704 624 sanctae
743 577 998 623 auctoritate
1035 587 1300 621 monstratur
1335 577 1380 622 in
1409 578 1524 623 libro
1560 579 1637 625 Dei

266 653 377 698 servi
414 651 497 696 Job
517 688 528 706 ,
567 651 645 695 ubi
676 648 831 708 legitur
866 649 945 694 Dei
979 648 1232 711 sapientiam
1262 647 1410 694 dixisse
1436 649 1635 705 homini,

267 744 288 764 «
314 724 428 768 Ecce
443 721 579 785 pietas
593 731 655 765 est
668 720 877 783 sapientia
893 757 903 774 ,
925 719 1136 764 abstinere
1154 729 1295 764 autem
1309 737 1332 764 a
1345 720 1484 773 malis,
1501 720 1640 766 scien-

269 814 291 835 »
315 790 426 847 1134,
451 812 469 832 n
490 791 576 835 sive
596 791 725 835 etiam
741 826 751 845 ,
779 801 827 834 ut
847 789 1046 835 nonnulli
1067 789 1119 835 de
1148 790 1303 835 Graeco
1328 795 1548 851 ἐπιστήμην
1571 791 1643 836 111-

267 861 490 925 terpretati
515 870 638 916 sunt,
677 882 697 901 α
725 860 986 923 disciplina:
1015 882 1035 901 n
1075 877 1173 923 quae
1205 860 1355 923 utique
1384 878 1407 905 a
1439 860 1643 906 discendo

268 950 428 979 nomen
453 932 650 993 accepit,
675 931 790 976 unde
806 941 847 975 et
867 931 1044 975 scientia
1061 931 1148 976 dici
1163 941 1316 993 potest.
1341 929 1408 975 Ad
1425 931 1512 977 hoc
1530 930 1645 976 6111111

270 1019 456 1068 quaeque
474 1019 538 1047 res
561 1001 761 1057 discitur,
791 1012 837 1047 ut
871 1002 1046 1048 sciatur.
1087 1001 1296 1058 Quamxis
1332 1000 1413 1045 alia
1441 1001 1641 1058 notione,

269 1074 315 1120 in
339 1073 389 1118 iis
405 1089 504 1135 quae
521 1088 603 1134 pro
626 1072 818 1134 peccatis
843 1071 928 1116 suis
954 1071 1066 1116 mala
1091 1071 1272 1134 quisque
1296 1071 1461 1133 patitur
1478 1082 1526 1116 ut
1544 1089 1645 1117 cor-

268 1143 451 1203 rigatur,
479 1141 567 1186 dici
590 1141 722 1186 soleat
740 1141 984 1204 disciplina.
1022 1142 1148 1186 [nde
1168 1141 1278 1186 illud
1297 1152 1358 1187 est
1380 1143 1426 1187 in
1452 1142 1646 1205 Epistola

271 1213 326 1259 ad
354 1212 564 1258 Hebraeos
578 1248 589 1267 ,
616 1233 636 1252 (ε
656 1212 764 1267 Quis
784 1212 898 1256 enim
916 1222 976 1256 est
994 1211 1107 1256 filius
1126 1248 1135 1265 ,
1160 1212 1230 1257 cui
1248 1229 1335 1257 non
1354 1212 1426 1257 det
1445 1211 1647 1275 discipli-

271 1304 292 1325 »
315 1300 413 1327 nam
428 1291 551 1344 pater
563 1285 598 1340 ej
608 1281 709 1326 us'2?
725 1303 744 1322 ›>
762 1283 817 1326 Et
835 1280 942 1326 illud
958 1281 1198 1327 evidentius
1211 1283 1255 1326 in
1268 1282 1441 1338 eadem,
1460 1303 1479 1323 «
1494 1282 1648 1328 Omnis

269 1375 292 1395 ))
315 1352 429 1399 enim
453 1351 508 1396 ad
532 1362 700 1414 tempus
725 1351 955 1414 disciplina
981 1368 1068 1396 non
1092 1351 1239 1410 gaudii
1255 1351 1428 1397 videtur
1443 1368 1552 1407 esse,
1574 1351 1649 1398 sed

270 1445 294 1466 ³>
318 1422 503 1468 tristitiae
521 1439 531 1466 :
551 1432 698 1484 postea
713 1438 813 1466 vero
833 1420 1025 1466 fructum
1044 1421 1280 1484 pacificum
1296 1422 1345 1466 iis
1364 1422 1441 1485 qui
1458 1439 1537 1484 per
1553 1439 1646 1467 eam

272 1516 294 1536 n
319 1502 565 1547 certarunt,
601 1491 752 1537 reddet
775 1491 956 1551 justitiae
972 1491 1003 1537 3.
1036 1513 1055 1533 ›>
1091 1492 1205 1536 Deus
1235 1509 1335 1552 ergo
1362 1492 1454 1555 ipse
1483 1509 1651 1537 summa

271 1563 510 1627 sapientia,
546 1562 689 1606 cultus
720 1572 859 1607 autem
894 1562 976 1607 Dei
1012 1562 1220 1624 sapientia
1256 1573 1318 1607 est
1343 1563 1557 1617 hominis,
1597 1562 1650 1608 de

271 1651 357 1696 qua
375 1649 493 1677 nunc
511 1631 746 1694 loquimur.
779 1653 799 1671 «
826 1633 937 1676 Nam
963 1632 1171 1694 sapientia
1197 1632 1330 1691 hujus
1359 1632 1514 1678 mundi
1541 1633 1651 1678 stul-

271 1725 293 1745 »
318 1702 410 1747 titia
432 1713 493 1747 est
515 1701 634 1764 apud
656 1703 795 1746 Deum
810 1701 842 1747 4.
870 1723 890 1743 ))
911 1701 1160 1747 Secundum
1178 1702 1293 1747 hanc
1311 1702 1457 1766 itaque
1476 1702 1650 1766 sapien-

271 1774 375 1819 tiam
397 1810 407 1828 ,
431 1789 530 1835 quae
555 1772 634 1816 Dei
658 1771 800 1817 cultus
819 1782 903 1827 est,
926 1773 985 1817 ait
1009 1783 1154 1817 sancta
1178 1773 1404 1835 Scriptura
1420 1810 1430 1828 ,
1456 1794 1475 1814 «
1494 1773 1652 1820 Multi--

274 1866 294 1886 »
321 1843 427 1889 t‘udo
451 1842 710 1905 sapientium
730 1843 885 1887 sanitas
908 1852 970 1886 est
988 1843 1106 1887 orbis
1125 1854 1336 1887 terrarum
1351 1843 1383 1889 5.
1405 1864 1425 1884 n

339 1915 398 1960 ΙΙ,
427 1912 513 1958 Sed
535 1912 569 1957 si
593 1912 646 1957 de
670 1912 879 1974 sapientia
901 1912 1122 1974 disputare
1146 1913 1403 1975 sapientium
1434 1924 1518 1969 est,
1544 1913 1648 1976 quid

277 1986 478 2046 agemus?
507 1981 836 2045 Numquidnam
862 1982 1055 2045 profiteri
1079 1982 1333 2027 audebimus
1364 1983 1616 2045 sapientiam
1639 2020 1649 2037 ‚

278 2074 332 2102 ne
350 2055 404 2100 sit
430 2064 574 2099 nostra
603 2053 655 2097 de
686 2053 757 2098 illa
791 2052 1021 2115 impudens
1043 2052 1307 2115 disputatio?
1337 2055 1490 2099 Nonne
1517 2064 1652 2099 terre-

278 2126 428 2171 bimur
451 2122 644 2185 exemplo
674 2122 964 2185 Pythagorae?
994 2123 1069 2185 qui
1095 2140 1194 2167 cum
1225 2140 1351 2168 ausus
1384 2141 1473 2169 non
1507 2123 1654 2169 fuisset

279 2196 510 2259 sapientem
532 2193 757 2256 profiteri,
787 2193 1109 2256 Philosophum
1125 2194 1292 2256 potius,
1316 2194 1356 2240 id
1380 2205 1459 2250 est,
1483 2206 1653 2240 amato-

279 2283 369 2312 rem
402 2264 624 2327 sapientia?
647 2281 687 2308 se
717 2280 802 2308 esse
828 2264 1078 2326 respondit:
1122 2282 1143 2308 a
1170 2281 1257 2326 quo
1283 2264 1329 2309 id
1352 2282 1508 2310 nomen
1540 2282 1654 2310 exor-

265 2348 375 2401 tum
392 2337 451 2380 ita
470 2334 673 2397 deinceps
687 2336 866 2397 posteris
884 2335 1076 2397 placuit,
1100 2345 1148 2380 ut
1166 2335 1437 2398 quantalibet
1453 2336 1506 2381 de
1526 2336 1654 2381 rebus

281 2407 337 2454 ad
359 2404 612 2468 sapientiam
638 2405 956 2467 pertinentibus
981 2405 1176 2450 doctrina
1194 2405 1377 2469 quisque
1395 2406 1463 2451 vel
1484 2406 1567 2451 sibi
1588 2406 1654 2451 vel

285 2477 376 2523 aliis
386 2475 827 2531 videreturexcellere,
839 2493 926 2521 non
938 2476 1019 2522 nisi
1031 2475 1326 2539 Philosophus
1337 2487 1576 2523 vocaretur.
1590 2479 1653 2523 An

334 2570 344 2592 1
363 2567 439 2601 Job.
459 2577 574 2606 xitum,
594 2569 650 2598 28.
672 2585 714 2590 —
732 2565 747 2588 ²
764 2567 862 2599 Hebr.
880 2579 944 2605 xn,
966 2581 997 2607 7,
1017 2566 1195 2601 —31bid,
1226 2580 1331 2600 11.-—
1356 2566 1368 2590 '¹
1397 2581 1407 2600 1
1430 2571 1504 2601 Cor.
1526 2581 1576 2607 111,
1600 2582 1652 2613 19.

280 2642 325 2651 ..-
341 2622 355 2645 5
371 2621 419 2653 Id.
438 2631 481 2659 vx,
501 2622 557 2654 26,
