1894 3154
307 137 401 200 378
727 151 765 181 s,
810 148 1053 180 Ausum-Im
1088 149 1293 181 EPIScom

305 218 449 283 priani
476 215 653 273 litteris,
681 216 792 262 sicut
826 233 939 280 saepe
962 214 1323 271 commemoravi,
1349 213 1524 264 uberius
1547 212 1681 261 disci-

306 306 426 345 mus,
457 299 499 334 et
528 288 750 334 docemus.
785 288 898 332 Ram
930 287 1171 333 dicatmihi
1199 285 1379 350 aliquis:
1406 284 1680 341 «Quomodo

306 359 554 422 irrepserint
582 359 627 404 in
659 358 837 403 hortum
862 357 1117 404 conclusum
1141 368 1181 403 et
1209 356 1371 403 fontem
1400 355 1639 416 signatum,
1659 375 1680 396 >³

307 447 416 493 quos
438 430 597 476 saeculo
619 429 763 475 verbis
787 428 884 474 solis
907 440 948 474 et
966 446 1053 474 non
1070 428 1195 474 factis
1215 428 1476 474 renuntiasse
1493 426 1682 489 Cypria-r

307 517 414 554 nus,
450 511 491 546 et
525 512 668 546 tamen
691 500 806 549 intus
828 498 958 544 fuisse
984 503 1196 547 testatur?
1228 499 1274 549 Si
1299 499 1412 549 enim
1438 508 1478 544 et
1510 498 1594 560 ipsi
1617 496 1682 550 ibi

311 581 429 625 sunt,
455 581 497 616 et
523 571 607 633 ipsi
633 586 789 632 sponsa
808 568 974 621 Christi
991 578 1118 622 sunt3
1141 569 1283 615 ita-ue
1299 585 1401 614 vero
1422 567 1514 612 talis
1530 578 1591 612 est
1609 566 1684 626 illa

308 642 397 686 sine
421 641 592 686 macula
611 652 653 685 et
678 639 832 700 1‘uga19
860 651 902 684 et
922 639 994 685 illa
1012 641 1201 703 speciosa
1225 639 1429 686 columba
1454 638 1529 684 tali
1551 655 1683 683 mem-

307 712 491 756 brorum
526 721 649 774 parte
686 721 891 773 turpatur
908 710 956 755 2?
985 713 1051 755 An
1085 711 1178 756 istae
1210 721 1310 756 sunt
1330 720 1428 755 sunt
1450 709 1588 772 spinae
1603 745 1613 764 ‚
1636 708 1683 753 in

307 798 492 844 quarum
509 781 652 835 medio
673 791 735 826 est
754 780 828 826 illa
845 781 956 832 sicut
977 780 1119 826 lilium
1134 780 1171 837 3,
1191 780 1311 845 quod
1333 780 1380 825 in
1398 779 1550 824 eodem
1571 778 1684 823 Can-

311 852 397 897 tico
421 851 616 898 dicitur?
638 852 690 898 In
711 862 926 915 quantum
945 868 1044 911 ergo
1068 850 1229 906 lilium,
1255 852 1300 897 in
1323 861 1494 896 tantum
1516 861 1559 896 et
1579 849 1682 895 hor-

310 931 377 968 tus
398 923 627 968 conclusus
652 933 693 967 et
721 922 817 968 fons
853 922 1073 982 signatusl⁸
1095 940 1105 967 ε
1128 922 1175 968 in
1202 922 1285 967 illis
1311 921 1512 968 videlicet
1527 921 1679 982 justis,

309 994 385 1056 qui
403 995 447 1039 in
468 994 642 1040 occulto
666 994 689 1038 J
697 993 811 1039 udaei
836 1004 936 1038 sunt
954 994 1283 1039 circumcisione
1305 992 1493 1049 cordis5,
1517 996 1556 1054 (α
1575 993 1682 1038 Om-

308 1084 330 1104 »
344 1064 408 1108 nis
431 1065 545 1109 enim
565 1063 856 1127 pulchritudo
878 1063 980 1109 filiae
998 1064 1108 1123 regis
1127 1064 1430 1119 intrinsecusss,
1449 1062 1498 1125 n)
1522 1063 1568 1108 in
1587 1062 1685 1125 qui-

307 1133 391 1179 bus
425 1144 486 1179 est
520 1151 726 1180 numerus
762 1144 902 1180 certus
933 1145 1181 1179 sanctorum
1211 1133 1545 1198 praedestinatus
1587 1142 1684 1178 ante

310 1204 466 1250 mundi
508 1205 874 1251 constitutionem.
916 1204 995 1250 Illa
1029 1222 1130 1252 vero
1164 1204 1400 1250 multitudo
1433 1203 1678 1268 spinarum,

309 1274 397 1320 sive
416 1275 624 1332 occultis,
651 1277 738 1321 sive
770 1275 928 1338 apertis
949 1275 1296 1338 separationibus
1310 1312 1321 1331 ,
1344 1274 1582 1320 forinsecus
1603 1274 1684 1320 ad-

303 1347 420 1403 jacet
442 1362 570 1409 super
592 1362 837 1405 numerum.
876 1367 896 1386 «
914 1345 1207 1401 Annuntiavi‚
1234 1345 1405 1409 inquit,
1437 1355 1478 1391 et
1511 1344 1683 1390 locutus

308 1435 329 1456 »
354 1432 448 1466 sum
466 1454 476 1468 ‚
507 1417 790 1480 multiplicati
827 1427 927 1462 sunt
964 1434 1093 1480 super
1124 1416 1402 1463 numerum7.
1426 1438 1446 1458 n
1467 1416 1683 1462 Numerus

309 1503 407 1545 ergo
438 1487 510 1532 ille
537 1490 757 1546 justorum
775 1525 786 1544 ,
823 1488 900 1550 qui
940 1487 1180 1533 secundum
1223 1487 1498 1551 propositum
1539 1486 1684 1534 vocati

304 1558 434 1602 suntS
450 1594 461 1613 ‚
492 1557 545 1603 de
565 1558 726 1621 quibus
749 1558 918 1604 dictum
937 1569 1026 1604 est:
1053 1579 1073 1599 «
1088 1558 1220 1604 Novit
1243 1558 1454 1612 Dominus
1480 1557 1558 1620 qui
1584 1567 1685 1603 sunt

307 1648 328 1668 »
347 1630 496 1687 ejus9:
522 1650 542 1671 >2
564 1629 656 1692 ipse
681 1640 741 1675 est
759 1630 912 1676 hortus
942 1629 1173 1687 conclusus
1190 1666 1200 1684 ‚
1226 1628 1322 1679 fons
1346 1629 1535 1689 signatus
1552 1666 1563 1685 ‚
1594 1644 1684 1692 pu-

308 1707 400 1745 teus
432 1716 556 1762 aquae
589 1700 729 1756 vivae,
758 1699 985 1763 paradisus
1016 1717 1117 1746 cum
1147 1699 1297 1745 fructu
1331 1715 1580 1762 pomorum.
1622 1699 1683 1744 Ex

305 1767 392 1814 hoc
409 1786 589 1822 numero
610 1770 790 1833 quidam
816 1771 1068 1834 spiritaliter
1083 1770 1260 1827 vivunt,
1292 1781 1333 1815 et
1357 1769 1684 1833 supereminen-

305 1847 392 1883 tem
416 1840 533 1884 viam
568 1841 792 1886 charitatis
825 1841 1158 1901 ingrediuntur;
1193 1851 1236 1886 et
1267 1858 1367 1898 curn¹
1388 1856 1682 1904 praeoccupa-·

306 1917 399 1953 tum
419 1908 642 1959 hominem
663 1910 709 1955 in
732 1910 877 1973 aliquo
903 1911 1060 1961 delicto
1080 1912 1302 1958 instruunt
1327 1912 1373 1956 in
1396 1911 1552 1974 spiritu
1568 1909 1682 1955 leni-

306 1979 433 2034 tatis,
456 1979 692 2028 intendunt
715 1998 768 2027 ne
786 1993 827 2035 et
849 1981 932 2044 ipsi
956 1992 1192 2039 tententur,
1215 1993 1257 2027 et
1280 1999 1381 2030 cum
1404 1981 1515 2027 forte
1535 1991 1576 2026 et
1598 1979 1682 2043 ipsi

303 2061 694 2113 praeoccupantur,
735 2051 987 2114 reprimitur
1019 2052 1066 2097 in
1101 2052 1159 2098 eis
1202 2050 1522 2115 aliquantulum
1538 2087 1550 2106 ,
1592 2067 1681 2096 non

304 2130 447 2169 autern
461 2122 959 2181 extinguiturcharitatis
986 2124 1177 2179 affectus,
1205 2139 1440 2186 rursusque
1457 2123 1681 2181 insurgens

309 2200 352 2235 et
380 2191 652 2240 inardescens
684 2194 869 2257 pristino
903 2195 1050 2248 cursui
1082 2194 1335 2243 restituitur.
1377 2195 1552 2239 Norunt
1567 2193 1682 2238 enim

307 2259 477 2309 dicere:
505 2284 525 2305 c<
543 2264 808 2321 Dormitavit
830 2268 972 2316 anima
991 2283 1085 2312 mea
1106 2283 1199 2330 prae
1217 2265 1365 2323 taedio,
1385 2265 1597 2316 confirma
1613 2279 1681 2309 me

350 2370 362 2412 4
387 2371 504 2415 EpheS.
526 2383 556 2411 v,
585 2375 642 2408 25.
674 2392 717 2399 —
740 2373 755 2397 2
781 2386 798 2407 2
829 2379 921 2409 Retr.
957 2377 1065 2409 18.-
1092 2372 1107 2399 3
1127 2377 1219 2409 Cant.
1240 2387 1277 2415 11,
1299 2388 1393 2410 2.-
1412 2373 1427 2398 ⁴
1444 2374 1492 2408 Id.
1507 2386 1551 2415 ιν,
1570 2386 1681 2408 12.—

305 2421 318 2445 ⁵
331 2426 425 2456 Rom·
446 2436 481 2463 1¹,
500 2437 556 2467 29.
571 2444 617 2451 —-
631 2424 646 2449 6
663 2428 743 2460 Psal.
760 2439 850 2470 κων,
873 2436 926 2467 ι4.
943 2447 985 2453 ——
1001 2428 1016 2452 ⁷
1035 2418 1084 2463 id.
1096 2440 1211 2470 xxxix,
1224 2431 1258 2464 6.
1277 2447 1323 2453 -
1339 2427 1354 2452 ⁸
1370 2432 1464 2462 Rom.
1478 2440 1551 2468 vm,
1570 2429 1623 2461 28.
1636 2446 1682 2453 —

301 2475 316 2499 9
338 2489 356 2509 a
377 2478 461 2511 Tim.
485 2490 526 2519 ξι,
550 2491 604 2523 ¹9·
