1894 3154
309 276 369 323 90
715 275 750 305 S.
792 272 1038 306 AUGUSTINI
1073 274 1277 306 EPISCOPI

302 351 419 388 recta
434 350 513 396 est,
533 339 695 386 nescire
715 338 823 403 quid
840 349 1035 402 appetat,
1057 338 1166 402 quid
1190 339 1348 386 evitet?
1371 340 1505 385 Porro
1526 338 1560 384 si
1580 339 1676 394 scit,

303 410 499 474 profecto
523 410 633 455 inest
659 409 697 454 ei
722 426 797 454 sua
822 408 1024 471 quaedam
1052 408 1250 464 scientia,
1278 425 1377 471 quae
1401 409 1491 454 sine
1511 425 1681 453 merno-

306 483 370 527 ria
390 491 433 525 et
455 479 738 539 intelligentia
761 496 846 524 esse
871 495 959 523 non
969 478 1118 540 possit.
1145 479 1212 523 An
1227 495 1327 523 vero
1358 478 1599 523 audiendus
1622 487 1684 522 est

309 550 528 614 quispiam
565 549 712 595 dicens
733 548 990 594 charitatem
1020 548 1181 594 nescire
1199 547 1305 611 quid
1331 559 1452 608 agat,
1482 565 1580 611 quae
1597 564 1684 592 non

311 620 398 679 agit
416 635 648 681 perperam
667 618 716 664 19
745 619 867 664 Sicut
902 635 1001 678 ergo
1026 619 1135 664 inest
1158 617 1458 678 intelligentia,
1477 618 1587 663 inest
1613 616 1686 662 di-

311 690 439 734 lectio
456 688 520 733 illi
534 689 752 734 memoriae
776 688 1028 751 principali,
1045 688 1090 733 in
1109 705 1195 750 qua
1218 689 1460 734 invenimus
1485 697 1689 750 paratum

314 768 355 804 et
378 757 651 803 reconditum
679 757 734 802 ad
758 757 879 819 quod
910 757 1144 816 cogitando
1168 774 1396 820 possumus
1437 757 1684 820 pervenire:

315 826 418 890 quia
434 836 475 871 et
498 825 586 871 duo
607 826 686 871 ista
703 827 945 872 invenimus
963 826 1026 871 ibi
1046 827 1221 889 quando
1254 844 1332 872 nos
1366 826 1596 886 cogitando
1617 826 1690 870 in-

310 896 506 942 venimus
533 907 573 941 et
589 895 825 955 intelligere
845 895 1012 959 aliquid
1035 906 1076 941 et
1099 914 1257 953 amare,
1285 914 1385 960 quae
1402 897 1467 942 ibi
1491 906 1612 941 erant
1650 906 1692 940 et

318 965 495 1027 quando
521 965 621 1010 inde
641 982 728 1010 non
761 966 1059 1025 cogitabamus
1079 984 1089 1011 ι
1115 977 1156 1011 et
1192 967 1304 1012 sicut
1324 968 1433 1012 inest
1457 966 1661 1011 memoria
1678 1003 1689 1023 ,

316 1034 426 1079 inest
442 1035 617 1080 dilectio
641 1035 748 1080 huic
760 1034 1053 1095 intelligentiae
1072 1053 1170 1099 quae
1183 1037 1444 1096 cogitatione
1456 1035 1690 1089 formatum

318 1105 439 1167 quod
458 1106 642 1151 verbum
666 1122 816 1151 verum
841 1106 929 1151 sine
952 1106 1083 1151 ullius
1109 1107 1244 1165 gentis
1276 1107 1424 1166 lingua
1446 1107 1562 1151 intus
1588 1106 1695 1151 dici-

315 1191 429 1230 mus,
457 1175 632 1237 quando
668 1175 787 1237 quod
806 1176 1004 1221 novimus
1033 1175 1244 1230 dicimus3
1270 1194 1372 1221 nam
1392 1176 1474 1221 nisi
1495 1175 1696 1221 reminis-

321 1242 458 1290 cendo
494 1261 583 1289 non
618 1244 729 1290 redit
753 1244 808 1290 ad
833 1245 1017 1308 aliquid,
1047 1257 1087 1290 et
1106 1246 1186 1291 nisi
1208 1245 1392 1292 amando
1430 1245 1570 1291 redire
1609 1261 1698 1290 non

322 1323 446 1359 curat
468 1325 625 1359 nostrae
645 1315 916 1374 cogitationis
935 1316 1118 1362 intuitus
1137 1334 1146 1360 :
1173 1317 1232 1361 ita
1253 1315 1427 1361 dilectio
1451 1332 1551 1378 quae
1572 1314 1699 1361 visio-

323 1384 478 1429 nemin
496 1385 704 1430 memoria
719 1385 1017 1440 constitutam,
1031 1397 1072 1431 et
1089 1386 1298 1432 visionem
1313 1385 1585 1445 cogitationis
1598 1383 1699 1429 inde

319 1451 549 1499 formatam
572 1454 695 1516 quasi
714 1466 937 1517 parentem
960 1456 1217 1518 prolemque
1244 1456 1489 1515 conjungit,
1514 1454 1596 1499 nisi
1620 1454 1701 1499 lia-

321 1523 444 1568 beret
468 1523 703 1586 appetendi
739 1525 980 1579 scientiam,
1015 1542 1115 1588 quae
1134 1526 1222 1570 sine
1252 1524 1458 1570 memoria
1477 1534 1519 1569 et
1537 1523 1702 1569 intelli-

326 1594 467 1651 gentia
492 1611 581 1638 non
603 1605 745 1656 potest
772 1612 882 1651 esse,
909 1595 1018 1658 quicl
1044 1607 1158 1641 recte
1184 1595 1382 1654 diligeret
1402 1595 1631 1654 ignoraret.

391 1664 532 1709 XLII.
563 1663 722 1709 Verum
747 1664 845 1710 haec
864 1664 1041 1727 quando
1064 1665 1110 1710 in
1135 1682 1220 1710 una
1241 1675 1340 1710 sunt
1364 1681 1570 1726 persona,
1593 1664 1705 1709 sicut

329 1741 390 1776 est
413 1731 564 1788 homo,
603 1744 744 1795 potest
766 1734 894 1779 nobis
917 1735 1136 1797 quispiam
1158 1733 1301 1779 dicere
1319 1754 1331 1788 ς
1359 1735 1461 1778 Tria
1482 1734 1579 1788 ista,
1611 1750 1705 1778 me-

328 1800 482 1856 moria,
506 1801 766 1857 intellectus,
787 1813 828 1848 et
857 1820 994 1860 amor,
1016 1821 1111 1849 mea
1128 1814 1245 1859 sunt,
1268 1821 1356 1848 non
1376 1820 1475 1857 sua3
1502 1820 1582 1848 nec
1600 1803 1702 1859 sibi,

330 1868 404 1914 sed
428 1869 540 1914 mihi
560 1881 691 1930 agunt
720 1871 837 1934 quod
875 1883 1025 1932 agunt,
1055 1873 1144 1917 imo
1168 1887 1248 1928 ego
1267 1890 1347 1935 per
1364 1872 1451 1919 illa.
1479 1873 1569 1932 Ego
1591 1873 1707 1918 enim

331 1939 509 1984 memini
530 1958 607 2002 per
626 1942 897 1997 memoriam,
926 1942 1116 2001 intelligo
1136 1960 1214 2005 per
1237 1941 1581 2002 intelligentiam,
1610 1959 1706 1988 amo

329 2025 409 2071 per
432 2027 618 2055 amorem
645 2021 717 2056 :et
743 2011 919 2074 quando
934 2012 989 2058 ad
1017 2013 1269 2059 memoriam
1295 2030 1434 2058 meam
1468 2013 1606 2059 aciem
1628 2030 1708 2058 co-

332 2079 547 2138 gitationis
572 2079 748 2127 adverto
764 2119 775 2138 ,
803 2099 852 2127 ac
878 2083 937 2127 sic
973 2083 1019 2128 in
1052 2082 1182 2128 corde
1206 2100 1300 2128 meo
1331 2082 1431 2128 dico
1459 2082 1579 2145 quod
1597 2082 1704 2136 scio,

329 2149 600 2212 verbumque
631 2167 782 2197 Verum
818 2151 872 2197 de
907 2152 1085 2198 scientia
1107 2170 1200 2198 mea
1225 2153 1434 2212 gignitur,
1476 2163 1710 2215 utrumque

331 2235 478 2264 meum
496 2230 573 2276 est,
597 2231 638 2266 et
661 2221 838 2267 scientia
858 2223 1008 2285 utique
1027 2234 1069 2268 et
1098 2223 1296 2269 verbum.
1338 2223 1428 2282 Ego
1452 2223 1567 2268 enim
1599 2223 1705 2279 scio,

333 2304 408 2346 ego
432 2287 531 2332 dico
554 2288 600 2333 in
621 2307 715 2335 meo
744 2290 875 2336 corde
898 2290 1019 2354 quod
1042 2291 1144 2338 scio.
1174 2293 1230 2336 Et
1247 2292 1424 2354 quando
1438 2292 1483 2337 in
1504 2292 1711 2337 memoria

333 2372 427 2400 mea
455 2357 685 2416 cogitando
703 2360 875 2405 invenio
894 2363 984 2419 jam
1001 2378 1068 2405 me
1089 2361 1341 2420 intelligere,
1363 2365 1455 2420 jam
1479 2378 1546 2407 me
1569 2378 1710 2406 amare

339 2424 523 2487 aliquid,
565 2428 640 2489 qui
677 2428 918 2475 intellectus
957 2441 998 2476 et
1023 2447 1140 2475 amor
1172 2431 1236 2475 ibi
1261 2441 1381 2476 erant
1403 2441 1444 2475 et
1479 2441 1710 2493 antequam

332 2493 432 2539 inde
455 2495 706 2555 cogitarem,
732 2498 1003 2547 intellectum
1023 2517 1168 2547 meum
1198 2510 1239 2547 et
1264 2516 1453 2547 amorem
1478 2516 1619 2546 meum
1638 2500 1710 2546 in-

389 2578 401 2600 1
422 2588 435 2609 1
454 2579 530 2611 Cor.
544 2588 617 2625 xm,
635 2586 667 2617 4.
