1894 3154
349 284 365 316 1
385 267 436 316 16
764 284 800 316 s.
842 284 1086 315 Auousrml
1120 283 1323 315 EPlscom

346 350 468 409 Quid
490 350 543 396 sit
569 360 670 396 ante
695 348 859 397 factum
880 351 1023 396 nescio
1042 387 1053 407 ‚
1083 367 1200 397 nunc
1220 361 1363 397 autem
1381 366 1475 396 sum
1494 349 1540 396 in
1558 346 1721 396 Christi

409 422 509 467 fide.

347 491 392 537 Si
409 508 476 536 me
505 491 694 536 maculat
713 489 832 554 quod
850 491 1011 547 nescio,
1034 502 1081 536 tu
1096 491 1234 554 qualis
1253 492 1308 537 sis
1327 508 1444 537 nunc
1463 491 1652 537 ostende.

344 561 500 607 Vultus
526 572 621 606 tuos
644 577 742 606 ecce
763 560 957 612 attendo,
976 562 1126 620 ignoro
1145 561 1253 624 quid
1276 561 1330 606 sit
1358 561 1404 606 in
1430 561 1575 607 corde.

346 631 391 676 Si
418 647 486 675 me
503 631 695 676 maculat
718 629 836 693 quod
856 631 999 676 nescio
1014 669 1024 687 ,
1055 642 1102 677 tu
1127 649 1195 677 me
1218 631 1409 677 maculas
1433 631 1622 678 fortasse.

349 697 404 740 Et
423 697 457 741 si
480 695 609 740 credo
628 712 713 740 esse
731 705 929 740 sanctum
949 733 959 751 ,
985 697 1148 759 quibus
1173 696 1471 742 communicas
1492 696 1605 742 vide.

346 765 391 810 Si
411 765 601 811 maculat
618 764 739 828 quod
758 766 969 810 nescimus
986 801 997 821 ‚
1016 770 1107 825 jam
1135 784 1222 812 non
1247 778 1372 830 potes
1397 778 1570 813 sanctus
1589 784 1692 822 esse,

344 836 487 893 Quem
517 835 737 882 maculant
762 845 822 880 tot
845 846 1024 899 peccata
1045 873 1055 893 ,
1078 854 1179 900 quae
1196 837 1478 883 committunt
1498 836 1626 883 vestri
1643 853 1722 882 oc-

413 905 554 951 culte:

345 977 391 1023 Si
412 987 555 1022 autem
574 976 694 1040 quod
717 977 850 1022 nescis
871 994 959 1023 non
986 994 1128 1034 curas,
1148 995 1227 1024 nec
1250 995 1326 1038 ego
1351 977 1471 1042 quod
1486 976 1650 1023 factum
1670 986 1734 1022 est

412 1058 525 1094 ante.

349 1117 405 1162 Et
429 1127 571 1162 tamen
589 1116 891 1162 Christianum
910 1117 1040 1162 talem
1060 1117 1190 1163 audes
1211 1118 1495 1182 rebaptizare.

478 1214 639 1273 Repet.
672 1210 834 1255 Omnes
853 1209 927 1272 qui
954 1210 1173 1269 gaudetis,
1201 1222 1284 1258 etc.

355 1300 432 1346 VAE
458 1299 535 1362 qui
557 1314 639 1361 pro
660 1297 878 1343 cathedris
898 1299 1046 1343 vestris
1069 1299 1129 1344 sic
1153 1299 1417 1345 contenditis
1440 1300 1613 1359 injuste.

355 1369 561 1415 Clamatis
585 1386 659 1414 vos
682 1368 792 1414 solos
814 1380 1000 1427 sanctos,
1024 1369 1143 1415 aliud
1163 1370 1308 1416 dicitis
1333 1371 1377 1416 in
1403 1371 1535 1416 corde
1558 1389 1569 1416 :

352 1441 468 1498 Quia
487 1439 642 1486 videtis
665 1449 706 1484 et
728 1455 803 1485 vos
820 1476 830 1494 ‚
858 1439 1017 1485 multos
1043 1440 1177 1485 malos
1198 1441 1422 1486 abundare
1445 1441 1611 1504 ubique
1633 1459 1644 1486 ε

354 1509 585 1574 Numquid
609 1509 751 1555 dicere
773 1510 976 1572 potestis:
1006 1511 1128 1555 Mixti
1146 1527 1293 1556 sumus
1318 1511 1431 1556 intra
1454 1522 1542 1556 rete
1561 1514 1578 1557 Ξ)

355 1580 663 1644 Respondetur
685 1580 797 1624 enim
822 1580 972 1636 vobis,
995 1584 1087 1640 jam
1112 1598 1187 1625 vos
1204 1580 1315 1626 illud
1337 1581 1585 1645 disrupisse.

356 1654 506 1716 Neque
533 1650 676 1696 dicere
695 1650 887 1713 potestis,
915 1651 1060 1714 paleas
1085 1668 1156 1695 vos
1174 1651 1403 1696 sustinere:

360 1724 526 1768 Iterum
549 1721 663 1766 enim
686 1720 1013 1783 respondemus,
1041 1721 1129 1766 hoc
1146 1720 1349 1767 fecissetis
1376 1733 1418 1767 et
1443 1733 1555 1770 ante.

364 1795 464 1840 Non
487 1792 601 1837 enim
623 1794 790 1854 pejores
813 1802 935 1836 erant
958 1791 1032 1836 illo
1054 1790 1170 1836 Juda
1196 1791 1402 1837 traditore
1421 1809 1431 1836 :

367 1866 481 1910 Cum
519 1879 607 1925 quo
648 1860 845 1923 Apostoli
885 1872 1146 1924 acceperunt
1187 1861 1382 1924 primum
1423 1873 1743 1908 sacramentum

434 1930 619 1986 coenae1,

371 2005 483 2049 Cum
504 2000 613 2046 tanti
630 1999 799 2045 sceleris
816 2017 937 2045 reum
963 1999 1075 2045 inter
1100 2017 1140 2044 se
1155 2004 1248 2059 jam
1275 2001 1433 2046 scirent
1452 2018 1537 2047 esse
1553 2002 1569 2029 2
1589 2019 1600 2046 ε

371 2077 462 2121 Nec
483 2084 628 2118 tamen
645 2070 726 2115 hos
745 2070 1037 2133 inquinabant
1057 2069 1200 2115 sordes
1223 2070 1270 2115 in
1296 2070 1432 2116 alieno
1456 2071 1601 2118 corde.

373 2150 429 2191 Et
456 2155 596 2190 tamen
623 2141 894 2186 Christianos
916 2140 1066 2186 fratres
1092 2140 1256 2186 audetis
1284 2142 1565 2205 rebaptizare.

504 2239 666 2296 Repel.
701 2232 864 2277 Omnes
891 2231 966 2294 qui
989 2231 1212 2289 gaudetis,
1240 2243 1321 2279 etc.

377 2330 569 2380 Arnim,
592 2324 763 2377 fratres,
787 2321 907 2385 quod
927 2321 1044 2376 dico,
1065 2332 1106 2366 et
1132 2322 1239 2366 mihi
1265 2322 1392 2366 irasci
1414 2322 1579 2368 nolite³
1602 2339 1613 2367 ε

376 2397 491 2454 Quia
508 2412 597 2440 non
615 2403 714 2438 sunt
735 2391 839 2437 falsa
863 2409 962 2454 quae
986 2391 1159 2447 auditis,
1184 2391 1361 2454 potestis
1378 2402 1419 2437 et
1440 2389 1750 2448 consideraret,

377 2465 497 2524 Quid
518 2465 552 2510 si
574 2465 667 2527 ipsa
686 2479 804 2508 nunc
830 2462 1021 2507 Ecclesia
1040 2479 1114 2507 vos
1138 2460 1384 2525 alloquatur
1413 2479 1511 2507 cum
1533 2480 1641 2525 pace
1655 2498 1666 2517 ‚

424 2552 434 2572 l
451 2547 569 2581 Mal-[h—
586 2557 679 2585 XXVI,
701 2546 757 2578 25,
778 2563 820 2569 ——
839 2543 854 2566 2
873 2547 969 2576 Joan,
986 2546 1137 2584 x¹¹1,36·
1164 2562 1210 2568 .-
1228 2542 1242 2566 3
1261 2545 1420 2588 ΕΡίιοὲιις0
1450 2563 1495 2568 —
1521 2543 1534 2567 4
1554 2545 1701 2578 ECCleSlae
1716 2545 1755 2578 ad

374 2601 555 2636 Donatistas
573 2596 806 2643 prosopopoeia.
