1894 3154
328 290 383 321 DE
420 290 639 320 BAPTISMO
675 290 849 321 CONTRA
884 290 1176 333 DONATISTAS,
1215 294 1302 324 LIB.
1342 295 1402 325 vl.
1477 282 1568 344 417

200 356 303 421 quia
326 356 491 402 Veritas
516 356 651 401 dixit:
673 378 692 397 «
719 356 868 402 Sinon
889 355 1150 412 dimiseritis,
1182 375 1259 403 nec
1291 360 1417 405 Pater
1435 371 1572 406 vester

200 449 221 469 »
244 427 430 472 dimittet
453 426 575 471 vobis
594 426 611 455 1
633 445 644 471 ε
667 449 686 467 »
713 438 876 489 quanto
895 427 1026 485 magis
1049 444 1147 472 cum
1167 445 1236 473 eos
1249 429 1445 484 oderant,
1466 431 1570 494 qui-

198 497 281 542 bus
299 496 573 542 retribuenda
588 496 699 541 mala
716 514 798 559 pro
825 497 948 542 bonis
962 497 1014 542 2?
1039 497 1127 542 Nec
1155 509 1298 543 tamen
1321 499 1391 544 isti
1408 500 1567 545 saeculo

197 567 340 613 verbis
363 567 460 613 solis
477 578 517 613 et
541 585 628 613 non
656 568 780 613 factis
810 568 1101 613 renuntiantes
1118 606 1128 625 ,
1154 569 1186 614 si
1212 580 1359 632 postea
1380 571 1572 630 corrige-

196 649 363 694 rentur,
389 656 536 684 rursus
572 639 920 702 baptizarentur3
941 639 1014 685 sed
1044 657 1131 685 uno
1155 640 1274 685 vitali
1311 641 1573 704 baptismate

197 709 580 755 sanctificarentur.
613 709 744 765 Quod
771 709 948 772 quidem
974 710 1017 755 in
1044 710 1274 756 Catholica
1288 722 1365 768 est,
1390 711 1461 757 secl
1484 729 1572 757 non

195 778 242 823 in
260 778 345 823 sola
364 799 375 832 ;
401 779 603 824 sicutnec
624 780 668 824 in
689 780 845 824 sanctis
871 779 986 835 solis,
1008 780 1083 843 qui
1108 780 1311 825 aedificati
1329 792 1573 844 suntsuper

195 859 382 910 petram,
406 860 508 895 etex
528 850 688 912 quibus
712 850 839 895 unica
865 850 935 894 illa
962 850 1167 895 columba
1191 851 1418 913 perficitur
1435 851 1467 899 3.

260 920 438 966 LXVII.
468 920 621 965 Castus
639 938 661 964 a
685 919 809 965 Sicca
829 918 959 965 dixit:
984 941 1003 961 «
1024 920 1111 976 Qui
1133 931 1380 983 contempta
1393 921 1570 966 veritate

194 989 420 1051 praesumit
441 989 796 1035 consuetudinem
819 990 956 1052 sequi,
986 1001 1059 1034 aut
1092 990 1208 1035 circa
1230 989 1574 1036 fratresinvidus

195 1070 256 1104 est
280 1069 321 1104 et
339 1059 567 1119 malignus,
588 1060 748 1123 quibus
762 1059 917 1104 veritas
936 1059 1149 1104 revelatur
1167 1079 1177 1113 ;
1205 1070 1279 1105 aut
1298 1060 1412 1105 circa
1435 1062 1572 1106 Deum

193 1130 386 1189 ingratus
410 1141 487 1184 est,
513 1133 637 1189 cujus
651 1129 933 1193 inspiratione
958 1129 1150 1175 Ecclesia
1171 1134 1262 1189 ejus
1285 1131 1527 1179 instruitur.
1553 1154 1572 1173 ›>

257 1202 465 1248 LXVIII.
497 1202 582 1246 Iste
599 1201 632 1246 si
651 1201 926 1246 convinceret
943 1218 1012 1246 eos
1028 1201 1105 1264 qui
1120 1201 1286 1247 diversa
1309 1203 1568 1259 sentiebant,

193 1281 235 1316 et
258 1271 345 1316 hoc
374 1272 594 1326 tenebant,
611 1272 730 1335 quod
745 1273 873 1317 etiam
895 1283 1009 1317 totus
1025 1272 1142 1316 orbis
1156 1283 1304 1335 postea
1319 1272 1571 1318 Christiano

193 1341 377 1386 concilio
401 1342 681 1387 confirmatus
705 1342 913 1397 obtinuit,
954 1343 1013 1387 ita
1048 1341 1406 1386 consuetudinem
1428 1344 1567 1406 sequi,

192 1422 241 1456 ut
264 1422 588 1457 contemnerent
612 1413 854 1467 veritatem,
881 1412 980 1457 haec
1000 1412 1132 1457 verba
1161 1411 1396 1457 formidare
1433 1412 1571 1458 debe-

191 1498 333 1527 remus
354 1500 363 1526 :
383 1499 481 1527 cum
501 1499 602 1527 vero
624 1481 698 1527 illa
715 1481 987 1527 consuetudo
1023 1491 1063 1526 et
1085 1499 1106 1526 a
1125 1481 1303 1526 veritate
1327 1493 1571 1543 propagata

191 1562 233 1597 et
246 1553 422 1598 veritate
439 1553 640 1598 roborata
660 1553 917 1616 reperiatur,
941 1551 1053 1597 nihil
1077 1551 1123 1596 in
1140 1551 1224 1596 hac
1249 1551 1457 1596 sententia
1474 1568 1572 1613 per-

191 1622 468 1669 timescimus,
501 1624 555 1667 Et
580 1634 722 1668 tamen
749 1622 782 1667 si
807 1623 870 1668 illi
895 1643 914 1664 α
943 1621 1071 1666 Circa
1096 1620 1249 1666 fratres
1273 1620 1411 1665 invidi
1449 1632 1571 1666 erant

190 1703 231 1737 et
251 1693 444 1753 maligni,
473 1704 548 1739 aut
566 1694 681 1739 circa
704 1695 846 1739 Deum
869 1692 1046 1752 ingrati,
1068 1713 1087 1733 2>
1112 1708 1210 1737 ecce
1227 1691 1430 1754 qualibus
1448 1708 1570 1736 com-

189 1763 492 1821 municabant,
512 1781 610 1810 ecce
630 1763 778 1827 quales
800 1763 968 1809 diversa
991 1762 1234 1818 sentientes,
1253 1762 1364 1807 sicut
1384 1762 1569 1825 Cypria-

188 1849 270 1878 nus
291 1834 512 1897 praedixit,
537 1853 560 1880 a
580 1838 679 1894 jure
713 1833 1035 1880 communionis
1057 1850 1144 1878 non
1171 1832 1447 1888 amovebant,
1472 1849 1571 1878 ecce

190 1920 213 1948 a
230 1904 388 1965 quibus
407 1922 495 1950 non
509 1904 820 1983 polluebantur
840 1904 886 1949 in
904 1903 1229 1949 conservatione
1256 1902 1449 1957 unitatis,
1468 1918 1568 1947 ecce

187 1984 400 2036 quantum
420 1975 654 2020 amandum
673 1975 726 2020 sit
748 1974 974 2021 vinculum
999 1973 1145 2036 pacis;
1173 1990 1270 2018 ecce
1293 1972 1399 2035 quid
1422 1972 1568 2017 consi-

187 2043 337 2089 derent
364 2045 439 2107 qui
463 2044 591 2090 nobis
612 2044 665 2090 de
697 2044 1069 2108 praedecessorum
1110 2043 1429 2118 Episcoporum
1455 2058 1565 2086 con-

187 2113 286 2158 cilio
304 2114 644 2170 calumniantur,
673 2131 862 2178 quorum
888 2113 1145 2159 charitatem
1187 2129 1275 2156 non
1313 2111 1560 2166 imitantur,

186 2192 228 2227 et
244 2200 431 2246 quorum
452 2184 645 2247 exemplo
668 2183 968 2230 considerato
951 2199 1050 2242 Jure
1074 2180 1352 2226 damnantur.
1383 2180 1429 2225 Si
1453 2197 1565 2225 con-

186 2253 369 2298 suetudo
389 2265 497 2307 erat,
524 2255 636 2300 sicut
657 2255 754 2300 haec
785 2253 995 2299 sententia
1034 2252 1150 2297 testis
1170 2260 1248 2306 est,
1287 2261 1336 2296 ut
1367 2250 1565 2296 haeretici

184 2323 402 2369 venientes
436 2324 490 2370 ad
515 2325 752 2371 Ecclesiam
778 2341 879 2370 cum
902 2322 1167 2386 baptismate
1187 2320 1307 2385 quod
1335 2320 1564 2366 habebant

185 2393 521 2456 susciperentur,
544 2405 618 2440 aut
637 2395 723 2440 boc
739 2405 854 2440 recte
868 2394 1020 2449 fiebat,
1039 2403 1113 2438 aut
1132 2391 1235 2437 mali
1251 2391 1390 2437 bonos
1405 2389 1450 2435 in
1469 2390 1564 2436 uni-

185 2473 271 2509 tate
295 2481 384 2510 non
402 2465 639 2513 maculant.
672 2466 718 2511 Si
743 2475 856 2511 recte
879 2464 1038 2520 fiebat,
1072 2479 1150 2508 cur
1174 2462 1325 2507 orbem
1349 2471 1561 2507 terrarum

185 2535 287 2597 quia
304 2536 364 2582 sic
399 2536 674 2600 recipiuntur
696 2538 936 2583 accusant?
964 2535 1011 2580 Si
1033 2543 1177 2580 autem
1201 2532 1308 2579 mali
1340 2532 1479 2580 bonos
1515 2534 1561 2578 in

233 2615 244 2638 ¹
262 2616 379 2649 Matth.
396 2628 440 2656 vx,
459 2619 513 2650 15.
530 2637 574 2644 —
593 2618 609 2642 2
622 2619 705 2657 Psal.
720 2629 835 2663 xxxxv,
855 2629 970 2655 12.--
988 2614 1003 2642 3
1018 2619 1110 2668 Cant.
1128 2629 1176 2664 vx²
1197 2617 1230 2653 8.

345 2684 561 2719 cxxxvm.
1375 2683 1434 2731 27
