1894 3154
233 276 260 320 6
651 294 685 322 5.
728 292 972 322 ,mensum
1007 292 1212 322 EPISCOPI

225 373 395 420 querer,
430 357 569 419 ipsam
599 357 825 419 praecipue
857 356 988 402 fidem
1024 355 1328 401 commendare
1359 354 1537 411 curavi,
1578 371 1599 399 a

226 426 542 489 temporalibus
567 437 728 472 aeterna
752 427 941 472 breviter
963 437 1059 471 ante
1076 426 1363 484 distinguens,
1391 436 1518 488 atque
1539 424 1603 469 ibi

225 496 278 542 de
302 495 616 559 temporalibus
636 497 843 542 disserens
865 514 875 541 t
903 507 1063 542 aeterna
1095 513 1194 541 vero
1221 497 1266 541 in
1296 495 1416 540 hunc
1437 495 1603 540 librum

228 566 452 623 differens,
476 567 603 612 etiam
628 567 681 612 de
704 568 832 612 rebus
859 567 1027 612 aeternis
1045 566 1173 611 fidem
1196 565 1479 628 temporalem
1500 564 1604 627 qui-

224 636 351 692 dem,
381 648 421 681 et
446 637 741 699 temporaliter
770 638 814 682 in
842 637 1110 683 credentium
1144 636 1349 681 cordibus
1377 635 1600 689 habitare,

225 707 504 752 necessariam
532 718 674 752 tamen
699 718 879 770 propter
909 706 1188 769 adipiscenda
1212 706 1304 768 ipsa
1329 715 1489 750 {eterna
1521 720 1605 748 esse

225 777 475 822 monstravi.
509 776 658 821 Fidem
690 794 865 839 quoque
898 777 951 821 de
973 776 1286 838 temporalibus
1317 774 1472 830 rebus,
1499 790 1606 836 quas

226 862 307 908 pro
332 846 460 891 nobis
479 857 665 892 aeternus
680 846 807 903 fecit,
841 858 882 892 et
907 863 1056 910 passus
1081 857 1142 891 est
1172 846 1219 890 in
1242 845 1443 898 homine,
1477 859 1607 905 quem

228 915 525 978 temporaliter
543 917 693 975 gessit,
716 927 844 979 atque
861 916 914 961 ad
929 927 1088 961 aeterna
1102 916 1298 978 provexit
1312 951 1323 969 ,
1342 914 1396 959 ad
1414 912 1608 958 eamdem

229 995 487 1030 {eternorum
535 986 808 1048 adeptionem
842 986 1045 1049 prodesse
1085 985 1265 1049 disserui
1292 1002 1302 1029 ι
1343 984 1608 1045 virtutesque

226 1055 339 1117 ipsas
353 1092 363 1110 ,
386 1055 547 1117 quibus
567 1056 612 1100 in
628 1056 712 1101 hac
728 1056 957 1119 temporali
972 1055 1231 1101 mortalitate
1244 1054 1498 1118 prudenter,
1515 1052 1610 1097 for-

231 1125 348 1179 titer,
375 1135 680 1188 temperanter,
700 1137 741 1172 et
765 1128 873 1187 Juste
892 1126 1073 1181 vivitur,
1097 1125 1178 1171 nisi
1197 1125 1249 1170 ad
1269 1123 1463 1169 eamdem
1480 1160 1490 1178 ,
1510 1122 1610 1167 licet

228 1194 511 1256 temporalem
535 1195 667 1241 fidem
684 1233 694 1253 ,
725 1213 824 1260 quae
850 1207 993 1241 tamen
1018 1195 1072 1241 ad
1096 1206 1256 1241 {eterna
1279 1194 1506 1257 perducit,
1540 1209 1610 1237 re-

229 1264 437 1319 terantur,
463 1282 582 1310 veras
608 1283 695 1311 non
713 1283 798 1312 esse
817 1267 1009 1311 virtutes.

298 1333 372 1380 lv.
395 1334 701 1409 Quapropter,
720 1336 926 1398 quoniam
941 1336 1053 1380 sicut
1074 1335 1286 1397 scriptum
1306 1343 1395 1388 est,
1419 1354 1439 1374 «
1464 1333 1612 1390 Quan-

243 1403 358 1448 diu
391 1420 538 1449 sumus
566 1410 612 1449 in
635 1423 840 1469 corpore,
874 1406 1201 1469 peregrinamur
1233 1423 1254 1449 a
1285 1370 1614 1465 Doniino,pe1

234 1497 255 1515 2
279 1473 408 1518 fidem
434 1476 546 1519 enim
571 1476 869 1532 ambulamus,
897 1493 984 1521 non
1009 1493 1087 1539 per
1107 1472 1613 1539 speciem‘1:›.›pr0fecto

230 1542 427 1607 quandiu
442 1548 585 1603 justus
604 1563 651 1591 ex
672 1546 758 1592 fide
777 1547 885 1593 vivit
899 1547 915 1575 2
933 1563 1131 1609 ‚quami
1135 1547 1168 1590 is
1197 1512 1438 1591 secundum
1463 1544 1613 1589 homi-

236 1630 334 1659 nem
369 1614 615 1660 interiorem
655 1616 801 1671 vivat,
845 1616 946 1661 licet
978 1634 1056 1679 per
1099 1615 1295 1661 eamdem
1332 1614 1614 1677 temporalem

238 1681 367 1727 fidem
394 1683 448 1728 ad
471 1684 695 1729 veritatem
720 1685 902 1742 nitatur,
933 1695 975 1730 et
1007 1684 1155 1730 tendat
1184 1685 1237 1730 ad
1262 1695 1446 1740 aeterna,
1472 1692 1616 1728 tamen

238 1752 283 1796 in
303 1753 494 1811 ejusdem
522 1754 625 1799 fidei
649 1755 897 1818 temporalis
925 1756 1165 1800 retentione
1180 1792 1192 1811 ,
1220 1754 1584 1817 contemplatione
1600 1790 1612 1810 ,

238 1822 469 1868 dilectione
486 1859 497 1878 ,
524 1824 722 1869 nondum
751 1825 849 1869 talis
885 1835 947 1870 est
970 1825 1156 1881 trinitas,
1182 1835 1230 1870 ut
1258 1825 1337 1870 Dei
1358 1828 1450 1883 jam
1473 1825 1616 1883 imago

238 1890 423 1938 dicenda
446 1893 526 1938 sit:
551 1911 603 1938 ne
624 1894 669 1938 in
695 1895 824 1939 rebus
860 1894 1172 1957 temporalibus
1199 1895 1436 1940 constituta
1465 1893 1615 1940 videa—

238 1971 327 2017 tur,
349 1979 450 2025 quae
476 1963 778 2010 constituenda
805 1975 866 2009 est
890 1965 935 2009 in
965 1965 1147 2011 aeternis.
1185 1966 1306 2010 Mens
1334 1965 1502 2027 quippe
1525 1964 1617 2009 hu-

240 2047 369 2076 mana
389 2049 490 2077 cum
510 2032 643 2078 fidem
666 2050 786 2079 suam
806 2033 946 2090 videt,
967 2051 1054 2097 qua
1075 2033 1213 2079 credit
1231 2034 1350 2097 quod
1367 2051 1454 2079 non
1473 2034 1613 2090 videt,

242 2117 330 2146 non
351 2102 516 2165 aliquid
549 2105 858 2166 sempiternum
891 2104 1021 2150 videt.
1063 2106 1160 2149 Non
1190 2105 1303 2149 enim
1335 2122 1502 2167 semper
1532 2104 1618 2149 hoc

243 2170 351 2226 erit,
390 2172 510 2234 quod
548 2173 698 2235 utique
729 2191 816 2218 non
843 2175 944 2229 erit,
969 2174 1145 2237 quando
1166 2175 1245 2219 ista
1276 2174 1618 2237 peregrinatione

241 2241 363 2285 finita
379 2277 389 2296 ,
420 2259 506 2305 qua
530 2245 855 2305 peregrinamur
879 2263 901 2290 a
926 2246 1114 2290 Domino
1131 2282 1140 2299 ‚
1166 2256 1215 2289 ut
1248 2262 1325 2308 per
1361 2244 1492 2290 fidem
1523 2262 1617 2289 am-

241 2310 394 2355 bulare
415 2329 581 2357 necesse
598 2314 677 2369 sit,
702 2316 862 2377 species
882 2316 955 2361 illa
982 2316 1184 2361 succedet
1202 2353 1212 2371 ,
1237 2333 1313 2378 per
1337 2332 1468 2378 quam
1492 2315 1618 2361 vide-

240 2381 386 2426 bimus
408 2382 516 2427 fa'cie
539 2383 593 2427 ad
613 2383 766 2430 faciem
786 2403 795 2430 :
824 2386 935 2431 sicut
960 2386 1089 2431 modo
1121 2397 1207 2431 non
1233 2385 1446 2441 videntes,
1477 2397 1617 2431 tamen

242 2450 343 2512 quia
366 2451 607 2508 credimus,
632 2453 778 2499 videre
797 2456 1077 2509 merebimur,
1102 2466 1229 2518 atque
1255 2454 1308 2500 ad
1334 2455 1517 2517 speciem
1543 2471 1619 2499 nos

239 2537 317 2582 per
341 2520 471 2566 fidem
494 2522 728 2584 perductos
751 2540 837 2570 esse
869 2526 1169 2584 gaudebimus.
1205 2527 1351 2588 Neque
1383 2525 1495 2570 enim
1525 2528 1616 2583 jam

292 2603 340 2632 ¹2
363 2603 435 2634 Cor.
456 2614 485 2644 v,
508 2605 541 2636 6.
559 2623 600 2627 —
617 2603 633 2625 ²
652 2607 745 2639 Rom.
771 2618 798 2644 1,
823 2619 872 2645 17.
