1894 3154
297 217 349 246 DE
388 216 607 246 iiAt‘Tisno
644 215 815 246 CONTRA
857 217 1146 256 DONA'stsTAS,
1190 219 1274 248 Ltss.
1319 219 1388 250 ΙΙΙ.
1466 220 1558 267 ‘299

190 281 304 327 Illud
331 282 505 327 enimin
533 297 794 344 unoquoque
819 281 1121 341 corrigendum
1153 294 1236 333 est,
1258 284 1376 347 quod
1395 284 1465 330 ille
1485 302 1563 348 per

190 369 318 415 quem
337 352 584 411 corrigitur,
608 367 792 413 pravum
819 368 905 396 esse
932 352 1208 414 perspexerit.
1247 353 1362 398 lllud
1403 371 1563 400 sanan-

190 422 294 467 dum
319 432 380 467 est
397 459 408 477 ‚
434 420 554 485 quod
575 431 754 480 aegrotat
776 438 786 466 :
808 421 919 467 illud
939 420 1130 468 dandum
1151 432 1213 467 est
1235 422 1355 486 quod
1379 440 1464 468 non
1485 415 1564 469 ha·

190 492 334 546 betur,
371 502 413 536 et
444 491 623 536 maxime
651 489 839 536 charitas
853 491 995 554 pacis,
1027 491 1114 557 sine
1143 508 1229 556 qua
1264 500 1418 537 caetera
1461 508 1563 556 pro-

190 561 307 606 desse
330 570 417 606 non
434 571 630 624 possunt.
662 560 743 606 Sed
765 569 906 607 tamen
923 578 1021 607 cum
1049 560 1204 607 adsunt
1236 578 1324 606 non
1343 561 1466 625 quasi
1483 561 1560 607 (le-

190 636 275 676 sint
294 631 503 677 tradenda
527 642 656 685 sunt3
691 631 765 676 sed
794 642 843 677 ut
872 630 1090 676 fructuose
1106 669 1116 679 .
1153 641 1194 676 et
1215 648 1303 676 non
1327 631 1567 694 perniciose

189 701 453 757 habeantur,
475 718 553 765 per
568 703 712 766 ipsum
733 702 957 748 vinculum
973 702 1094 766 pacis
1114 712 1155 747 et
1172 701 1446 747 eminentiam
1465 701 1568 746 clia-

190 771 327 816 ritatis
351 771 564 831 agendum
589 784 664 819 est.

255 843 352 888 XX.
395 842 692 898 Quamobrem
715 842 747 888 si
778 841 1047 902 Evangelicis
1071 840 1214 887 verbis
1240 859 1250 886 ε
1280 862 1301 882 α
1323 842 1375 886 ln
1393 841 1569 886 nomine

192 912 369 957 »Patris
389 922 430 957 et
449 912 546 958 Filii
567 923 608 958 et
631 913 821 976 Spiritus
844 912 979 958 sancti
1003 949 1012 958 .
1036 933 1056 953 ›>
1080 909 1275 956 Marcion
1300 911 1568 974 baptismum

193 982 496 1038 consecrabat,
529 1004 548 1024 >2
591 983 806 1042 integrum
851 992 942 1027 erat
983 991 1297 1027 sacramentum
1312 1017 1323 1037 ‚
1370 980 1568 1044 quamvis

191 1055 280 1111 eJus
303 1051 408 1097 fides
428 1052 509 1097 sub
532 1052 688 1097 eisdem
710 1053 852 1098 verbis
881 1051 996 1099 aliud
1019 1046 1237 1115 opinantis
1255 1068 1387 1114 quam
1409 1050 1568 1096 catho-

192 1121 275 1168 lica
295 1123 450 1167 veritas
477 1122 638 1168 docet1
654 1160 663 1177 ,
693 1140 780 1168 non
799 1134 905 1168 esset
935 1123 1096 1182 integra
1116 1159 1126 1177 ‚
1153 1121 1226 1167 sed
1255 1121 1462 1167 fabulosis
1484 1120 1569 1166 fal-

194 1191 394 1237 sitatibus
427 1192 668 1255 inquinata.
698 1194 807 1238 Nam
835 1192 915 1237 sub
944 1190 1101 1237 eisdem
1125 1191 1268 1236 verbis
1289 1227 1300 1247 ,
1335 1189 1379 1236 id
1405 1199 1491 1246 est,
1519 1190 1571 1234 ln

195 1263 368 1307 nomine
387 1263 527 1307 Patris
547 1272 588 1307 et
606 1263 702 1308 Filii
725 1273 766 1308 et
791 1263 977 1325 Spiritus
1000 1262 1134 1308 sancti
1149 1299 1159 1318 ‚
1188 1279 1275 1307 non
1300 1259 1436 1307 solum
1457 1261 1571 1305 Mar-

195 1333 292 1378 cion
313 1369 324 1388 ,
354 1343 429 1378 aut
468 1332 718 1378 Valentinus
740 1370 751 1388 ‚
793 1344 866 1380 aut
902 1333 1053 1389 Arius,
1082 1343 1157 1378 aut
1187 1332 1455 1387 Eunomius‚
1500 1330 1573 1376 sed

196 1403 278 1466 ipsi
300 1402 489 1448 carnales
515 1403 687 1466 parvuli
720 1403 924 1450 Ecclesiae
950 1404 1142 1468 (quibus
1172 1402 1347 1448 dicebat
1385 1403 1572 1465 Aposto-

196 1473 262 1518 lus
283 1491 292 1518 :
324 1474 418 1518 {Xon
448 1474 573 1536 potui
596 1473 718 1537 loqui
742 1474 867 1519 vobis
890 1474 1009 1537 quasi
1027 1473 1296 1537 spiritalibus
1314 1510 1323 1528 ,
1351 1471 1423 1518 sed
1447 1471 1570 1535 quasi

198 1543 499 1605 carnalibus),
529 1544 559 1588 si
585 1554 760 1606 possent
781 1544 936 1602 singuli
962 1542 1188 1602 diligenter
1213 1543 1491 1603 interrogari,
1513 1551 1575 1586 tot

198 1611 464 1657 diversitates
487 1613 743 1676 opinionum
764 1612 953 1658 fortassis
968 1650 978 1668 ‚
1011 1624 1119 1676 quot
1148 1613 1345 1658 homines
1368 1628 1574 1657 numera-

199 1693 381 1728 rentur:
422 1705 441 1723 «
463 1683 671 1729 Animalis
701 1683 811 1729 enim
843 1683 977 1728 homo
1007 1700 1094 1728 non
1135 1682 1323 1746 percipit
1345 1699 1445 1746 quae
1476 1691 1575 1726 sunt

201 1774 221 1794 »
243 1753 430 1816 Spiritus
450 1753 571 1799 Dei2.
598 1775 617 1794 >>
639 1752 865 1816 Numquid
881 1764 1025 1798 tamen
1043 1753 1139 1798 ideo
1157 1770 1242 1798 nou
1273 1753 1486 1811 integrum
1511 1768 1576 1796 sa-

201 1833 470 1868 cramentum
493 1823 744 1886 accipiunt?
775 1825 860 1868 Aut
878 1823 1090 1886 numquid
1114 1822 1210 1868 ideo
1236 1823 1269 1868 si
1291 1821 1570 1885 profecerint,

200 1903 242 1937 et
265 1892 518 1956 opinionum
540 1893 777 1938 carnalium
800 1892 1034 1937 vanitatem
1063 1892 1385 1937 emendaverint
1404 1928 1414 1946 ‚
1436 1890 1577 1936 denuo

202 1962 320 2025 quod
341 1973 597 2025 acceperant
620 1962 901 2026 repetendum
918 1967 1005 2008 est‘.)
1031 1963 1204 2025 Accipit
1230 1962 1412 2026 quisque
1428 1978 1579 2007 secun·

202 2032 307 2078 dum
337 2031 464 2077 fidem
503 2050 654 2089 suam,
692 2033 764 2078 sed
800 2044 1012 2095 quantum
1050 2034 1171 2096 capit
1204 2034 1471 2092 gubernante
1504 2031 1579 2076 illa

202 2102 495 2148 misericordia
526 2103 625 2158 Dei,
649 2103 702 2149 (le
725 2121 809 2167 qua
829 2120 1096 2166 praesumens
1113 2103 1227 2148 idem
1255 2101 1487 2164 Apostolus
1513 2100 1578 2146 di-

204 2174 264 2219 cit
289 2192 299 2218 :
328 2195 346 2213 «
375 2173 418 2218 Si
441 2173 547 2236 quid
573 2174 696 2219 aliter
715 2175 863 2236 sapitis
883 2211 893 2230 ,
916 2174 959 2218 id
981 2190 1154 2237 quoque
1177 2173 1302 2217 vobis
1332 2174 1442 2217 Deus
1463 2180 1578 2217 reve-

206 2265 226 2285 »
245 2243 398 2289 labit3.
425 2265 444 2284 »
468 2243 632 2306 Laquei
656 2254 797 2289 tamen
816 2243 1120 2289 haereticorum
1141 2253 1181 2286 et
1202 2242 1578 2286 schismaticorum

205 2325 431 2378 propterea
459 2314 706 2359 carnalibus
742 2315 921 2360 nimium
948 2312 1176 2376 perniciosi
1210 2322 1333 2366 sunt,
1366 2311 1468 2373 quia
1489 2312 1580 2374 ipse

204 2394 435 2447 provectus
456 2400 604 2429 eorum
633 2383 940 2430 intercluditur
960 2420 969 2437 ‚
996 2383 1248 2428 confirmata
1274 2381 1481 2427 sententia
1505 2388 1579 2427 'va-

260 2478 268 2498 Ι
300 2477 417 2508 Consti·
441 2476 549 2508 Com-it
591 2478 711 2509 Avehit.
744 2489 767 2509 ι,
798 2488 864 2507 ean.
893 2478 921 2507 ⁵3.
951 2495 988 2501 ‚.‚
1022 2476 1036 2498 ‘³
1071 2487 1079 2504 ε
1115 2477 1187 2507 Cor.
1219 2486 1254 2512 ii,
1292 2481 1404 2511 ιᾰ,-
1428 2471 1442 2496 ³
1464 2474 1579 2517 Philip.

209 2541 270 2567 m,
301 2531 351 2560 ιδ,
