1894 3154
281 273 331 304 nn
373 274 587 303 merisne
626 273 794 302 cumina
835 272 1123 313 noxxrmrxs,
1165 274 1248 303 tte.
1293 276 1322 306 1.
1421 261 1512 326 223«)

149 338 312 384 Omnes
335 341 445 384 enim
471 337 646 383 dirersis
679 337 851 399 quidem
897 339 1165 401 temporibus
1192 341 1279 385 nati
1303 359 1514 405 apparue-

148 420 266 465 runt,
295 409 365 455 sed
390 409 590 454 societate
621 409 743 453 unius
762 409 915 471 populi
941 409 1236 466 continentur,
1261 422 1300 456 et
1324 413 1514 470 ejusdem

147 479 330 525 civitatis
357 479 469 524 cives
492 479 659 524 labores
680 479 811 538 hujus
836 480 1190 542 peregrinationis
1209 482 1368 544 experti
1394 495 1511 539 sunt,

146 560 187 595 et
216 548 396 612 quidam
417 565 564 593 eorum
588 565 706 594 nunc
738 549 1041 612 experiuntur,
1077 560 1119 594 et
1142 566 1275 613 usque
1312 551 1358 596 in
1387 553 1516 599 finem

143 618 288 664 caeteri
317 617 598 680 experientur.
643 619 750 662 Item
777 635 874 681 quae
897 619 1070 682 peperit
1097 620 1206 664 Cain
1235 630 1277 665 et
1303 621 1446 667 Cham
1475 634 1517 668 et

147 687 369 733 Isma'elem
392 697 434 732 et
458 688 589 743 Esau,
612 687 758 732 eadem
780 688 872 751 ipsa
886 689 1056 752 peperit
1078 699 1120 734 et
1145 689 1321 735 Datlian
1346 702 1386 736 et
1413 692 1518 739 alios

144 759 189 803 in
215 757 363 803 eodem
389 757 555 820 populo
574 758 752 812 similes3
772 770 813 804 et
842 776 941 822 quae
964 761 1066 804 istos
1080 759 1228 804 eadem
1253 760 1347 823 ipsa
1373 772 1413 806 et
1436 766 1455 806 J
1465 779 1519 808 u·-

144 827 244 872 dam
265 827 715 890 pseudo-apostolum,
744 839 784 873 et
809 829 1029 874 Simonem
1053 830 1246 888 Magum,
1273 840 1314 875 et
1344 842 1521 878 caeteros

144 913 276 959 usque
304 896 358 941 ad
386 896 482 942 haec
520 908 713 961 tempora
750 899 1204 962 pseudo-christianos
1227 900 1272 944 in
1298 901 1520 947 affectione

144 965 318 1010 animali
354 966 630 1028 pertinaciter
661 968 927 1023 obduratos,
956 969 1046 1014 sive
1068 968 1112 1011 in
1137 967 1299 1013 unitate
1317 971 1520 1031 permixti

142 1035 255 1091 sint,
289 1035 377 1080 sive
419 1046 567 1098 aperta
599 1037 853 1099 praecisione
876 1037 1142 1083 dissentiant.
1176 1037 1259 1082 Sed
1287 1054 1389 1083 011111
1418 1040 1519 1086 tales

143 1123 166 1150 a
191 1105 459 1168 spiritalibus
484 1106 845 1166 evangelizantur,
869 1118 911 1153 et
930 1107 1207 1153 sacramentis
1237 1107 1515 1166 imbuuntur,

143 1185 347 1239 tanquam
364 1194 441 1239 per
472 1193 513 1221 se
542 1177 682 1240 ipsam
719 1179 919 1224 Rebecca
941 1195 1010 1223 eos
1033 1177 1164 1240 parit,
1200 1177 1311 1224 sicut
1332 1180 1446 1225 Esau
1466 1179 1513 1225 1:

140 1263 241 1291 cum
253 1256 394 1291 autem
412 1246 594 1310 perillos
609 1247 685 1310 qui
702 1265 788 1293 non
801 1259 913 1293 caste
931 1247 1190 1293 annuntiant
1210 1248 1510 1307 Evangelium,

140 1315 244 1360 tales
270 1316 313 1360 111
340 1317 418 1361 Dei
441 1316 608 1379 populo
628 1328 886 1376 generantur
903 1321 948 1371 2;
978 1318 1083 1363 Sara
1113 1317 1309 1380 quidem,
1338 1319 1411 1364 sed
1437 1338 1516 1383 per

140 1389 254 1446 Agar
279 1386 311 1432 ³.
357 1388 463 1432 110111
489 1387 596 1432 boni
628 1388 867 1451 spiritales,
907 1387 1085 1452 quando
1123 1390 1517 1447 evangelizantibus

139 1457 205 1501 101
227 1457 552 1520 baptizantibus
573 1458 819 1504 carnalibus
843 1469 1121 1519 generantur,
1146 1457 1221 1503 Lia
1245 1459 1423 1521 quidem
1442 1461 1510 1507 vel

138 1527 307 1573 Rachel
333 1530 432 1586 jure
468 1528 687 1588 conjugali
709 1546 797 1584 eos,
843 1527 915 1574 sed
938 1546 1017 1591 per
1049 1527 1305 1573 ancillarum
1341 1540 1512 1577 uterum

139 1597 252 1659 parit
276 1596 307 1643 ¹¹.
339 1599 451 1642 Cum
467 1615 566 1642 vero
591 1615 668 1661 per
691 1598 902 1660 spiritales
924 1598 969 1642 in
993 1597 1226 1656 Evangelio
1252 1612 1512 1658 generantur

138 1668 241 1712 boni
261 1666 422 1723 fideles,
445 1668 520 1730 qui
545 1669 610 1713 vel
634 1669 824 1714 evadunt
847 1669 892 1714 in
906 1668 1109 1731 spiritalis
1124 1668 1262 1713 aet-atis
1284 1670 1504 1728 affectum,

138 1737 202 1782 vel
229 1754 278 1782 00
305 1737 475 1783 tendere
500 1756 587 1783 non
608 1738 839 1794 desistunt,
875 1739 941 1783 vel
967 1737 1063 1783 ideo
1096 1755 1183 1783 non
1213 1737 1381 1784 faciunt
1403 1742 1507 1804 quia

136 1825 223 1852 non
248 1819 448 1870 possunt,
467 1809 577 1854 510111
596 1826 644 1854 ex
662 1818 782 1853 111010
804 1808 922 1853 Sarae
943 1809 1083 1863 Isaac,
1105 1807 1172 1853 vel
1192 1807 1403 1855 Rebeccae
1428 1812 1508 1856 Ja-

142 1879 227 1923 cob
241 1915 251 1934 ,
268 1880 310 1923 in
331 1897 487 1926 novam
500 1880 631 1926 vitam
652 1890 694 1925 et
714 1879 885 1925 Novum
908 1879 1231 1923 Testamentum
1250 1891 1500 1928 naseuntur.

201 1950 360 1996 XXVI.
391 1951 542 2013 ltaque
564 1950 650 1995 sive
667 1950 783 1995 intus
805 1949 962 1995 versari
978 1948 1224 2004 videantur,
1245 1949 1334 1995 sive
1358 1963 1503 2014 aperte

135 2026 235 2071 foris
251 2024 352 2080 sint,
372 2022 491 2086 quod
515 2038 615 2067 caro
638 2031 716 2076 est,
732 2037 834 2065 earo
857 2030 944 2065 est:
973 2019 1058 2066 sive
1075 2020 1122 2064 in
1145 2037 1240 2065 area
1257 2020 1303 2065 in
1326 2038 1400 2066 sua
1417 2032 1498 2067 ste-

134 2096 291 2142 rilitate
311 2103 605 2157 perseverent,
646 2091 732 2137 sive
767 2090 991 2135 occasione
1027 2089 1271 2135 tentationis
1295 2101 1501 2155 tanquam

133 2178 261 2215 vento
287 2177 403 2211 extra
430 2164 657 2218 tollantur,
677 2161 796 2225 quod
838 2161 961 2225 palea
1002 2171 1063 2205 est
1080 2198 1090 2216 ,
1130 2161 1252 2222 palea
1276 2173 1337 2207 est
1375 2164 1408 2210 5.
1444 2166 1500 2210 Et

132 2253 299 2300 semper
335 2235 388 2280 ab
412 2234 525 2279 illius
552 2232 755 2278 Ecclesiae
773 2248 871 2294 quae
897 2232 984 2276 sine
1003 2232 1173 2275 macula
1189 2242 1230 2276 et
1252 2248 1357 2292 ruga
1376 2245 1438 2279 est
1457 2236 1493 2293 ⁶,

134 2306 299 2352 unitate
318 2304 480 2350 divisus
502 2314 586 2357 est,
617 2301 743 2347 etiam
764 2301 840 2364 qui
858 2300 1177 2360 congregationi
1195 2306 1502 2352 sanctornmin

133 2376 298 2422 carnali
317 2374 608 2420 obduratione
637 2372 853 2417 miscetur.
884 2371 943 2415 De
965 2370 1084 2416 nullo
1111 2381 1250 2417 tamen
1267 2372 1504 2437 desperan-

134 2445 241 2491 dum
264 2455 353 2501 051,
384 2445 470 2490 sive
501 2443 577 2507 qui
600 2443 716 2488 intus
736 2441 830 2486 talis
855 2451 1054 2503 apparet,
1082 2440 1169 2487 sive
1189 2442 1265 2505 qui
1286 2441 1388 2490 foris
1409 2463 1505 2491 ma-

183 2546 190 2567 ¹
211 2549 294 2577 Gen.
314 2556 390 2586 xxv,
408 2546 463 2577 25.
481 2562 521 2567 -—-
542 2541 557 2563 ²
577 2542 679 2584 Philip
713 2553 740 2582 1,
765 2552 817 2580 ¹7·
832 2558 874 2564 —-
891 2538 904 2562 3
922 2543 1005 2575 Gen.
1025 2551 1090 2580 xvi,
1113 2542 1160 2572 15.
1178 2559 1224 2567 -
1248 2539 1318 2574 fild.
1333 2554 1408 2585 xxx,
1428 2547 1503 2586 3-9,

134 2618 176 2623 --
198 2598 209 2621 3
232 2611 241 2630 1
263 2601 349 2630 tit-n:
365 2610 435 2641 ων.
458 2600 506 2629 (S.
522 2615 566 2620 —
581 2595 594 2619 ὅ
617 2595 730 2639 Epiri-s.
746 2605 774 2633 v,
797 2605 851 2633 25.

1221 2659 1338 2710 ¹17.
