<?xml version="1.0" encoding="UTF-8"?>
<!DOCTYPE html PUBLIC "-//W3C//DTD XHTML 1.0 Transitional//EN"
    "http://www.w3.org/TR/xhtml1/DTD/xhtml1-transitional.dtd">
<html xmlns="http://www.w3.org/1999/xhtml" xml:lang="en" lang="en">
 <head>
  <title>
</title>
<meta http-equiv="Content-Type" content="text/html;charset=utf-8" />
  <meta name='ocr-system' content='tesseract 3.04.00' />
  <meta name='ocr-capabilities' content='ocr_page ocr_carea ocr_par ocr_line ocrx_word'/>
</head>
<body>
  <div class='ocr_page' id='page_1' title='image "./operaomniaaccura31auguuoft_0311.png"; bbox 0 0 1894 3154; ppageno 0'>
   <div class='ocr_carea' id='block_1_1' title="bbox 306 287 1547 339">
    <p class='ocr_par' dir='ltr' id='par_1_1' title="bbox 306 287 1547 339">
     <span class='ocr_line' id='line_1_1' title="bbox 306 287 1547 339; baseline 0.005 -12"><span class='ocrx_word' id='word_1_1' title='bbox 306 298 360 327; x_wconf 82' lang='lat' dir='ltr'>DE</span> <span class='ocrx_word' id='word_1_2' title='bbox 398 296 616 328; x_wconf 77' lang='lat' dir='ltr'>BAPTISMO</span> <span class='ocrx_word' id='word_1_3' title='bbox 654 296 826 325; x_wconf 70' lang='lat' dir='ltr'>CONTRA</span> <span class='ocrx_word' id='word_1_4' title='bbox 862 296 1149 339; x_wconf 75' lang='lat' dir='ltr'>DONATisTAs,</span> <span class='ocrx_word' id='word_1_5' title='bbox 1188 299 1274 329; x_wconf 79' lang='lat' dir='ltr'>LIB.</span> <span class='ocrx_word' id='word_1_6' title='bbox 1318 301 1386 332; x_wconf 81' lang='lat'>111.</span> <span class='ocrx_word' id='word_1_7' title='bbox 1462 287 1547 333; x_wconf 66' lang='lat'>301</span> 
     </span>
    </p>
   </div>
   <div class='ocr_carea' id='block_1_2' title="bbox 180 360 1559 2610">
    <p class='ocr_par' dir='ltr' id='par_1_2' title="bbox 181 360 1559 2327">
     <span class='ocr_line' id='line_1_2' title="bbox 191 360 1555 425; baseline 0.005 -19"><span class='ocrx_word' id='word_1_8' title='bbox 191 362 510 425; x_wconf 81' lang='lat' dir='ltr'>impositionem</span> <span class='ocrx_word' id='word_1_9' title='bbox 531 360 662 406; x_wconf 86' lang='lat' dir='ltr'>modo</span> <span class='ocrx_word' id='word_1_10' title='bbox 689 360 818 406; x_wconf 83' lang='lat' dir='ltr'>datur</span> <span class='ocrx_word' id='word_1_11' title='bbox 845 361 1033 424; x_wconf 81' lang='lat' dir='ltr'>Spiritus</span> <span class='ocrx_word' id='word_1_12' title='bbox 1055 373 1252 418; x_wconf 86' lang='lat' dir='ltr'>sanctus,</span> <span class='ocrx_word' id='word_1_13' title='bbox 1286 365 1398 411; x_wconf 90' lang='lat' dir='ltr'>sicut</span> <span class='ocrx_word' id='word_1_14' title='bbox 1431 377 1555 413; x_wconf 87' lang='lat' dir='ltr'>antea</span> 
     </span>
     <span class='ocr_line' id='line_1_3' title="bbox 191 430 1558 498; baseline 0.003 -20"><span class='ocrx_word' id='word_1_15' title='bbox 191 433 379 478; x_wconf 82' lang='lat' dir='ltr'>dabatur</span> <span class='ocrx_word' id='word_1_16' title='bbox 405 431 457 476; x_wconf 87' lang='lat' dir='ltr'>ad</span> <span class='ocrx_word' id='word_1_17' title='bbox 477 430 894 476; x_wconf 73' lang='lat' dir='ltr'>commendationem</span> <span class='ocrx_word' id='word_1_18' title='bbox 919 432 1041 477; x_wconf 84' lang='lat' dir='ltr'>rudis</span> <span class='ocrx_word' id='word_1_19' title='bbox 1061 432 1162 478; x_wconf 87' lang='lat' dir='ltr'>fidei</span> <span class='ocrx_word' id='word_1_20' title='bbox 1183 444 1223 478; x_wconf 90' lang='lat' dir='ltr'>et</span> <span class='ocrx_word' id='word_1_21' title='bbox 1246 434 1448 480; x_wconf 81' lang='lat' dir='ltr'>Ecclesiae</span> <span class='ocrx_word' id='word_1_22' title='bbox 1467 437 1558 498; x_wconf 86' lang='lat' dir='ltr'>pri-</span> 
     </span>
     <span class='ocr_line' id='line_1_4' title="bbox 190 501 1557 567; baseline 0.002 -19"><span class='ocrx_word' id='word_1_23' title='bbox 190 502 358 548; x_wconf 86' lang='lat' dir='ltr'>mordia</span> <span class='ocrx_word' id='word_1_24' title='bbox 381 501 618 548; x_wconf 87' lang='lat' dir='ltr'>dilatanda.</span> <span class='ocrx_word' id='word_1_25' title='bbox 648 502 756 557; x_wconf 83' lang='lat' dir='ltr'>Quis</span> <span class='ocrx_word' id='word_1_26' title='bbox 785 503 898 547; x_wconf 82' lang='lat' dir='ltr'>enim</span> <span class='ocrx_word' id='word_1_27' title='bbox 927 520 1044 549; x_wconf 77' lang='lat' dir='ltr'>nunc</span> <span class='ocrx_word' id='word_1_28' title='bbox 1079 503 1164 549; x_wconf 88' lang='lat' dir='ltr'>hoc</span> <span class='ocrx_word' id='word_1_29' title='bbox 1195 515 1415 567; x_wconf 76' lang='lat' dir='ltr'><strong>expectat,</strong></span> <span class='ocrx_word' id='word_1_30' title='bbox 1455 517 1503 551; x_wconf 88' lang='lat' dir='ltr'>ut</span> <span class='ocrx_word' id='word_1_31' title='bbox 1525 507 1557 552; x_wconf 90' lang='lat' dir='ltr'>ii</span> 
     </span>
     <span class='ocr_line' id='line_1_5' title="bbox 189 571 1556 639; baseline 0.002 -21"><span class='ocrx_word' id='word_1_32' title='bbox 189 573 349 637; x_wconf 89' lang='lat' dir='ltr'>quibus</span> <span class='ocrx_word' id='word_1_33' title='bbox 372 588 524 616; x_wconf 88' lang='lat' dir='ltr'>manus</span> <span class='ocrx_word' id='word_1_34' title='bbox 543 571 595 617; x_wconf 88' lang='lat' dir='ltr'>ad</span> <span class='ocrx_word' id='word_1_35' title='bbox 619 571 923 634; x_wconf 83' lang='lat' dir='ltr'>accipiendum</span> <span class='ocrx_word' id='word_1_36' title='bbox 947 573 1159 636; x_wconf 87' lang='lat' dir='ltr'>Spiritum</span> <span class='ocrx_word' id='word_1_37' title='bbox 1185 585 1382 620; x_wconf 86' lang='lat' dir='ltr'>sanctum</span> <span class='ocrx_word' id='word_1_38' title='bbox 1407 575 1556 639; x_wconf 83' lang='lat' dir='ltr'>impo-</span> 
     </span>
     <span class='ocr_line' id='line_1_6' title="bbox 190 642 1557 706; baseline 0.003 -18"><span class='ocrx_word' id='word_1_39' title='bbox 190 643 330 698; x_wconf 77' lang='lat' dir='ltr'>nitur,</span> <span class='ocrx_word' id='word_1_40' title='bbox 351 653 525 705; x_wconf 86' lang='lat' dir='ltr'>repente</span> <span class='ocrx_word' id='word_1_41' title='bbox 544 642 758 706; x_wconf 76' lang='lat' dir='ltr'>incipiant</span> <span class='ocrx_word' id='word_1_42' title='bbox 775 643 932 703; x_wconf 83' lang='lat' dir='ltr'>linguis</span> <span class='ocrx_word' id='word_1_43' title='bbox 953 643 1104 706; x_wconf 68' lang='lat' dir='ltr'>loqui?</span> <span class='ocrx_word' id='word_1_44' title='bbox 1126 644 1209 690; x_wconf 88' lang='lat' dir='ltr'>Sed</span> <span class='ocrx_word' id='word_1_45' title='bbox 1226 645 1501 692; x_wconf 81' lang='lat' dir='ltr'>invisibiliter</span> <span class='ocrx_word' id='word_1_46' title='bbox 1516 658 1557 693; x_wconf 89' lang='lat' dir='ltr'>et</span> 
     </span>
     <span class='ocr_line' id='line_1_7' title="bbox 188 712 1559 778; baseline 0.004 -21"><span class='ocrx_word' id='word_1_47' title='bbox 188 712 372 758; x_wconf 84' lang='lat' dir='ltr'>latenter</span> <span class='ocrx_word' id='word_1_48' title='bbox 394 712 649 771; x_wconf 79' lang='lat' dir='ltr'>intelligitur</span> <span class='ocrx_word' id='word_1_49' title='bbox 668 724 848 776; x_wconf 75' lang='lat' dir='ltr'>propter</span> <span class='ocrx_word' id='word_1_50' title='bbox 866 713 1091 760; x_wconf 80' lang='lat' dir='ltr'>vinculum</span> <span class='ocrx_word' id='word_1_51' title='bbox 1115 715 1236 778; x_wconf 83' lang='lat' dir='ltr'>pacis</span> <span class='ocrx_word' id='word_1_52' title='bbox 1251 732 1398 761; x_wconf 88' lang='lat' dir='ltr'>eorum</span> <span class='ocrx_word' id='word_1_53' title='bbox 1417 717 1559 763; x_wconf 87' lang='lat' dir='ltr'>cordi-</span> 
     </span>
     <span class='ocr_line' id='line_1_8' title="bbox 186 782 1555 846; baseline 0.004 -20"><span class='ocrx_word' id='word_1_54' title='bbox 186 782 269 827; x_wconf 86' lang='lat' dir='ltr'>bus</span> <span class='ocrx_word' id='word_1_55' title='bbox 280 782 427 827; x_wconf 83' lang='lat' dir='ltr'>divina</span> <span class='ocrx_word' id='word_1_56' title='bbox 438 782 625 827; x_wconf 80' lang='lat' dir='ltr'>charitas</span> <span class='ocrx_word' id='word_1_57' title='bbox 639 782 856 846; x_wconf 82' lang='lat' dir='ltr'>inspirari,</span> <span class='ocrx_word' id='word_1_58' title='bbox 876 794 923 828; x_wconf 87' lang='lat' dir='ltr'>ut</span> <span class='ocrx_word' id='word_1_59' title='bbox 937 785 1101 846; x_wconf 79' lang='lat' dir='ltr'>possint</span> <span class='ocrx_word' id='word_1_60' title='bbox 1114 784 1256 829; x_wconf 81' lang='lat' dir='ltr'>dicere</span> <span class='ocrx_word' id='word_1_61' title='bbox 1274 803 1284 829; x_wconf 92' lang='lat'>:</span> <span class='ocrx_word' id='word_1_62' title='bbox 1304 785 1555 842; x_wconf 85' lang='lat' dir='ltr'>«Quoniam</span> 
     </span>
     <span class='ocr_line' id='line_1_9' title="bbox 187 852 1554 919; baseline 0.004 -23"><span class='ocrx_word' id='word_1_63' title='bbox 187 872 208 893; x_wconf 65' lang='lat'>2&gt;</span> <span class='ocrx_word' id='word_1_64' title='bbox 227 852 415 897; x_wconf 82' lang='lat' dir='ltr'>charitas</span> <span class='ocrx_word' id='word_1_65' title='bbox 433 852 512 898; x_wconf 92' lang='lat' dir='ltr'>Dei</span> <span class='ocrx_word' id='word_1_66' title='bbox 529 852 683 898; x_wconf 79' lang='lat' dir='ltr'>diffusa</span> <span class='ocrx_word' id='word_1_67' title='bbox 700 863 761 898; x_wconf 88' lang='lat' dir='ltr'>est</span> <span class='ocrx_word' id='word_1_68' title='bbox 779 853 825 898; x_wconf 92' lang='lat' dir='ltr'>in</span> <span class='ocrx_word' id='word_1_69' title='bbox 843 853 1051 899; x_wconf 83' lang='lat' dir='ltr'>cordibus</span> <span class='ocrx_word' id='word_1_70' title='bbox 1071 854 1224 900; x_wconf 91' lang='lat' dir='ltr'>nostris</span> <span class='ocrx_word' id='word_1_71' title='bbox 1244 872 1323 918; x_wconf 88' lang='lat' dir='ltr'>per</span> <span class='ocrx_word' id='word_1_72' title='bbox 1339 855 1554 919; x_wconf 89' lang='lat' dir='ltr'>Spiritum</span> 
     </span>
     <span class='ocr_line' id='line_1_10' title="bbox 188 922 1553 989; baseline 0.004 -22"><span class='ocrx_word' id='word_1_73' title='bbox 188 944 208 964; x_wconf 80' lang='lat'>›&gt;</span> <span class='ocrx_word' id='word_1_74' title='bbox 226 933 440 978; x_wconf 78' lang='lat' dir='ltr'>sanctum,</span> <span class='ocrx_word' id='word_1_75' title='bbox 463 923 539 986; x_wconf 88' lang='lat' dir='ltr'>qui</span> <span class='ocrx_word' id='word_1_76' title='bbox 552 922 676 969; x_wconf 88' lang='lat' dir='ltr'>datus</span> <span class='ocrx_word' id='word_1_77' title='bbox 686 934 747 969; x_wconf 84' lang='lat' dir='ltr'>est</span> <span class='ocrx_word' id='word_1_78' title='bbox 760 924 901 970; x_wconf 79' lang='lat' dir='ltr'>nobis,</span> <span class='ocrx_word' id='word_1_79' title='bbox 920 946 941 966; x_wconf 65' lang='lat'>&gt;³</span> <span class='ocrx_word' id='word_1_80' title='bbox 957 924 1112 969; x_wconf 66' lang='lat' dir='ltr'>Multae</span> <span class='ocrx_word' id='word_1_81' title='bbox 1128 935 1270 970; x_wconf 85' lang='lat' dir='ltr'>autem</span> <span class='ocrx_word' id='word_1_82' title='bbox 1284 937 1384 971; x_wconf 89' lang='lat' dir='ltr'>sunt</span> <span class='ocrx_word' id='word_1_83' title='bbox 1397 943 1553 989; x_wconf 87' lang='lat' dir='ltr'>opera-</span> 
     </span>
     <span class='ocr_line' id='line_1_11' title="bbox 187 993 1555 1059; baseline 0.004 -22"><span class='ocrx_word' id='word_1_84' title='bbox 187 993 322 1038; x_wconf 85' lang='lat' dir='ltr'>tiones</span> <span class='ocrx_word' id='word_1_85' title='bbox 342 993 530 1056; x_wconf 80' lang='lat' dir='ltr'>Spiritus</span> <span class='ocrx_word' id='word_1_86' title='bbox 547 994 683 1038; x_wconf 85' lang='lat' dir='ltr'>sancti</span> <span class='ocrx_word' id='word_1_87' title='bbox 697 1031 708 1050; x_wconf 85' lang='lat'><em>‚</em></span> <span class='ocrx_word' id='word_1_88' title='bbox 732 1011 838 1057; x_wconf 87' lang='lat' dir='ltr'>quas</span> <span class='ocrx_word' id='word_1_89' title='bbox 857 993 971 1039; x_wconf 90' lang='lat' dir='ltr'>idem</span> <span class='ocrx_word' id='word_1_90' title='bbox 989 994 1221 1057; x_wconf 85' lang='lat' dir='ltr'>Apostolus</span> <span class='ocrx_word' id='word_1_91' title='bbox 1242 1011 1344 1040; x_wconf 91' lang='lat' dir='ltr'>cum</span> <span class='ocrx_word' id='word_1_92' title='bbox 1361 995 1555 1059; x_wconf 86' lang='lat' dir='ltr'>quodam</span> 
     </span>
     <span class='ocr_line' id='line_1_12' title="bbox 185 1064 1551 1127; baseline 0.003 -18"><span class='ocrx_word' id='word_1_93' title='bbox 185 1065 305 1122; x_wconf 81' lang='lat' dir='ltr'>loco,</span> <span class='ocrx_word' id='word_1_94' title='bbox 330 1075 543 1127; x_wconf 86' lang='lat' dir='ltr'>quantum</span> <span class='ocrx_word' id='word_1_95' title='bbox 564 1064 755 1110; x_wconf 85' lang='lat' dir='ltr'>sufficere</span> <span class='ocrx_word' id='word_1_96' title='bbox 782 1065 1016 1111; x_wconf 82' lang='lat' dir='ltr'>arbitratus</span> <span class='ocrx_word' id='word_1_97' title='bbox 1041 1076 1124 1122; x_wconf 83' lang='lat' dir='ltr'>est,</span> <span class='ocrx_word' id='word_1_98' title='bbox 1152 1078 1551 1125; x_wconf 81' lang='lat' dir='ltr'>commemorasset,</span> 
     </span>
     <span class='ocr_line' id='line_1_13' title="bbox 185 1134 1555 1201; baseline 0.004 -22"><span class='ocrx_word' id='word_1_99' title='bbox 185 1135 245 1180; x_wconf 88' lang='lat' dir='ltr'>ita</span> <span class='ocrx_word' id='word_1_100' title='bbox 265 1134 477 1180; x_wconf 82' lang='lat' dir='ltr'>conclusit</span> <span class='ocrx_word' id='word_1_101' title='bbox 499 1153 508 1179; x_wconf 91' lang='lat'><strong>:</strong></span> <span class='ocrx_word' id='word_1_102' title='bbox 540 1156 559 1176; x_wconf 70' lang='lat' dir='ltr'>c&lt;</span> <span class='ocrx_word' id='word_1_103' title='bbox 580 1135 741 1180; x_wconf 84' lang='lat' dir='ltr'>Omnia</span> <span class='ocrx_word' id='word_1_104' title='bbox 766 1146 908 1181; x_wconf 88' lang='lat' dir='ltr'>autem</span> <span class='ocrx_word' id='word_1_105' title='bbox 932 1136 1029 1181; x_wconf 80' lang='lat' dir='ltr'>haec</span> <span class='ocrx_word' id='word_1_106' title='bbox 1055 1147 1258 1199; x_wconf 87' lang='lat' dir='ltr'>operatur</span> <span class='ocrx_word' id='word_1_107' title='bbox 1287 1154 1397 1182; x_wconf 90' lang='lat' dir='ltr'>unus</span> <span class='ocrx_word' id='word_1_108' title='bbox 1427 1148 1555 1201; x_wconf 84' lang='lat' dir='ltr'>atque</span> 
     </span>
     <span class='ocr_line' id='line_1_14' title="bbox 186 1205 1552 1270; baseline 0.001 -21"><span class='ocrx_word' id='word_1_109' title='bbox 186 1226 206 1248; x_wconf 83' lang='lat'>))</span> <span class='ocrx_word' id='word_1_110' title='bbox 223 1205 338 1250; x_wconf 88' lang='lat' dir='ltr'>idem</span> <span class='ocrx_word' id='word_1_111' title='bbox 357 1205 561 1268; x_wconf 76' lang='lat' dir='ltr'>Spiritus,</span> <span class='ocrx_word' id='word_1_112' title='bbox 582 1205 779 1251; x_wconf 78' lang='lat' dir='ltr'>dividens</span> <span class='ocrx_word' id='word_1_113' title='bbox 792 1206 970 1269; x_wconf 88' lang='lat' dir='ltr'>propria</span> <span class='ocrx_word' id='word_1_114' title='bbox 990 1207 1222 1270; x_wconf 89' lang='lat' dir='ltr'>unicuique</span> <span class='ocrx_word' id='word_1_115' title='bbox 1239 1218 1374 1270; x_wconf 85' lang='lat' dir='ltr'>prout</span> <span class='ocrx_word' id='word_1_116' title='bbox 1387 1208 1552 1255; x_wconf 60' lang='lat' dir='ltr'>vultffl.»</span> 
     </span>
     <span class='ocr_line' id='line_1_15' title="bbox 186 1275 1556 1340; baseline 0.003 -20"><span class='ocrx_word' id='word_1_117' title='bbox 186 1275 300 1320; x_wconf 83' lang='lat' dir='ltr'>Cum</span> <span class='ocrx_word' id='word_1_118' title='bbox 335 1292 433 1335; x_wconf 83' lang='lat' dir='ltr'>ergo</span> <span class='ocrx_word' id='word_1_119' title='bbox 462 1276 515 1320; x_wconf 89' lang='lat' dir='ltr'>sit</span> <span class='ocrx_word' id='word_1_120' title='bbox 550 1275 665 1320; x_wconf 89' lang='lat' dir='ltr'>aliud</span> <span class='ocrx_word' id='word_1_121' title='bbox 691 1288 1006 1322; x_wconf 88' lang='lat' dir='ltr'>sacramentum</span> <span class='ocrx_word' id='word_1_122' title='bbox 1037 1295 1047 1321; x_wconf 73' lang='grc' dir='ltr'>ε</span> <span class='ocrx_word' id='word_1_123' title='bbox 1081 1277 1199 1340; x_wconf 90' lang='lat' dir='ltr'>quod</span> <span class='ocrx_word' id='word_1_124' title='bbox 1232 1278 1393 1323; x_wconf 88' lang='lat' dir='ltr'>habere</span> <span class='ocrx_word' id='word_1_125' title='bbox 1425 1279 1556 1325; x_wconf 82' lang='lat' dir='ltr'>etiam</span> 
     </span>
     <span class='ocr_line' id='line_1_16' title="bbox 185 1345 1555 1411; baseline 0.003 -20"><span class='ocrx_word' id='word_1_126' title='bbox 185 1345 337 1391; x_wconf 89' lang='lat' dir='ltr'>Simon</span> <span class='ocrx_word' id='word_1_127' title='bbox 362 1346 514 1405; x_wconf 81' lang='lat' dir='ltr'>Magus</span> <span class='ocrx_word' id='word_1_128' title='bbox 546 1345 745 1408; x_wconf 70' lang='lat' dir='ltr'>potuit-‘³3</span> <span class='ocrx_word' id='word_1_129' title='bbox 772 1345 889 1391; x_wconf 85' lang='lat' dir='ltr'>aliud</span> <span class='ocrx_word' id='word_1_130' title='bbox 924 1348 1117 1410; x_wconf 87' lang='lat' dir='ltr'>operatio</span> <span class='ocrx_word' id='word_1_131' title='bbox 1143 1347 1354 1410; x_wconf 79' lang='lat' dir='ltr'>Spiritus,</span> <span class='ocrx_word' id='word_1_132' title='bbox 1387 1365 1485 1411; x_wconf 89' lang='lat' dir='ltr'>quae</span> <span class='ocrx_word' id='word_1_133' title='bbox 1509 1350 1555 1395; x_wconf 94' lang='lat' dir='ltr'>in</span> 
     </span>
     <span class='ocr_line' id='line_1_17' title="bbox 183 1415 1554 1484; baseline 0.003 -24"><span class='ocrx_word' id='word_1_134' title='bbox 183 1415 306 1461; x_wconf 86' lang='lat' dir='ltr'>malis</span> <span class='ocrx_word' id='word_1_135' title='bbox 324 1416 578 1461; x_wconf 89' lang='lat' dir='ltr'>hominibus</span> <span class='ocrx_word' id='word_1_136' title='bbox 596 1416 722 1461; x_wconf 86' lang='lat' dir='ltr'>etiam</span> <span class='ocrx_word' id='word_1_137' title='bbox 748 1417 839 1462; x_wconf 84' lang='lat' dir='ltr'>fieri</span> <span class='ocrx_word' id='word_1_138' title='bbox 857 1418 992 1474; x_wconf 79' lang='lat' dir='ltr'>solet,</span> <span class='ocrx_word' id='word_1_139' title='bbox 1014 1417 1127 1463; x_wconf 88' lang='lat' dir='ltr'>sicut</span> <span class='ocrx_word' id='word_1_140' title='bbox 1148 1418 1252 1463; x_wconf 78' lang='lat' dir='ltr'>Saul</span> <span class='ocrx_word' id='word_1_141' title='bbox 1275 1418 1435 1464; x_wconf 86' lang='lat' dir='ltr'>habuit</span> <span class='ocrx_word' id='word_1_142' title='bbox 1451 1437 1554 1484; x_wconf 90' lang='lat' dir='ltr'>pro-</span> 
     </span>
     <span class='ocr_line' id='line_1_18' title="bbox 183 1486 1555 1552; baseline 0.004 -21"><span class='ocrx_word' id='word_1_143' title='bbox 183 1486 437 1550; x_wconf 77' lang='lat' dir='ltr'>phetiam33</span> <span class='ocrx_word' id='word_1_144' title='bbox 463 1486 581 1532; x_wconf 87' lang='lat' dir='ltr'>aliud</span> <span class='ocrx_word' id='word_1_145' title='bbox 605 1487 798 1551; x_wconf 82' lang='lat' dir='ltr'>operatio</span> <span class='ocrx_word' id='word_1_146' title='bbox 829 1487 1020 1547; x_wconf 79' lang='lat' dir='ltr'>ejusdem</span> <span class='ocrx_word' id='word_1_147' title='bbox 1059 1489 1277 1551; x_wconf 83' lang='lat' dir='ltr'>Spiritus,</span> <span class='ocrx_word' id='word_1_148' title='bbox 1313 1506 1443 1552; x_wconf 83' lang='lat' dir='ltr'>quam</span> <span class='ocrx_word' id='word_1_149' title='bbox 1473 1491 1555 1537; x_wconf 90' lang='lat' dir='ltr'>nisi</span> 
     </span>
     <span class='ocr_line' id='line_1_19' title="bbox 183 1557 1558 1622; baseline 0.004 -20"><span class='ocrx_word' id='word_1_150' title='bbox 183 1557 288 1602; x_wconf 88' lang='lat' dir='ltr'>boni</span> <span class='ocrx_word' id='word_1_151' title='bbox 311 1557 474 1602; x_wconf 87' lang='lat' dir='ltr'>habere</span> <span class='ocrx_word' id='word_1_152' title='bbox 496 1574 584 1602; x_wconf 90' lang='lat' dir='ltr'>non</span> <span class='ocrx_word' id='word_1_153' title='bbox 604 1568 785 1620; x_wconf 84' lang='lat' dir='ltr'>possunt</span> <span class='ocrx_word' id='word_1_154' title='bbox 804 1595 813 1613; x_wconf 77' lang='lat'><em>‚</em></span> <span class='ocrx_word' id='word_1_155' title='bbox 841 1559 952 1603; x_wconf 89' lang='lat' dir='ltr'>sicut</span> <span class='ocrx_word' id='word_1_156' title='bbox 969 1569 1031 1604; x_wconf 83' lang='lat' dir='ltr'>est</span> <span class='ocrx_word' id='word_1_157' title='bbox 1049 1559 1146 1604; x_wconf 89' lang='lat' dir='ltr'>finis</span> <span class='ocrx_word' id='word_1_158' title='bbox 1169 1560 1381 1622; x_wconf 78' lang='lat' dir='ltr'>praecepti</span> <span class='ocrx_word' id='word_1_159' title='bbox 1407 1560 1558 1607; x_wconf 87' lang='lat' dir='ltr'>chari-</span> 
     </span>
     <span class='ocr_line' id='line_1_20' title="bbox 186 1627 1551 1691; baseline 0.002 -19"><span class='ocrx_word' id='word_1_160' title='bbox 186 1638 246 1673; x_wconf 85' lang='lat' dir='ltr'>tas</span> <span class='ocrx_word' id='word_1_161' title='bbox 264 1627 317 1672; x_wconf 88' lang='lat' dir='ltr'>de</span> <span class='ocrx_word' id='word_1_162' title='bbox 334 1627 463 1673; x_wconf 89' lang='lat' dir='ltr'>corde</span> <span class='ocrx_word' id='word_1_163' title='bbox 477 1645 607 1691; x_wconf 81' lang='lat' dir='ltr'>puro,</span> <span class='ocrx_word' id='word_1_164' title='bbox 626 1638 667 1672; x_wconf 85' lang='lat' dir='ltr'>et</span> <span class='ocrx_word' id='word_1_165' title='bbox 686 1628 946 1673; x_wconf 82' lang='lat' dir='ltr'>conscientia</span> <span class='ocrx_word' id='word_1_166' title='bbox 965 1629 1081 1673; x_wconf 86' lang='lat' dir='ltr'>bona</span> <span class='ocrx_word' id='word_1_167' title='bbox 1096 1666 1106 1684; x_wconf 75' lang='lat'><strong><em>‚</em></strong></span> <span class='ocrx_word' id='word_1_168' title='bbox 1137 1639 1179 1674; x_wconf 88' lang='lat' dir='ltr'>et</span> <span class='ocrx_word' id='word_1_169' title='bbox 1205 1629 1289 1674; x_wconf 86' lang='lat' dir='ltr'>fide</span> <span class='ocrx_word' id='word_1_170' title='bbox 1312 1646 1399 1674; x_wconf 87' lang='lat' dir='ltr'>non</span> <span class='ocrx_word' id='word_1_171' title='bbox 1417 1631 1518 1675; x_wconf 86' lang='lat' dir='ltr'>sicta</span> <span class='ocrx_word' id='word_1_172' title='bbox 1540 1648 1551 1675; x_wconf 71' lang='grc' dir='ltr'>ε</span> 
     </span>
     <span class='ocr_line' id='line_1_21' title="bbox 184 1693 1555 1764; baseline 0.004 -22"><span class='ocrx_word' id='word_1_173' title='bbox 184 1697 412 1762; x_wconf 86' lang='lat' dir='ltr'>quodlibet</span> <span class='ocrx_word' id='word_1_174' title='bbox 426 1698 622 1744; x_wconf 82' lang='lat' dir='ltr'>haeretici</span> <span class='ocrx_word' id='word_1_175' title='bbox 641 1708 682 1743; x_wconf 89' lang='lat' dir='ltr'>et</span> <span class='ocrx_word' id='word_1_176' title='bbox 702 1697 967 1744; x_wconf 82' lang='lat' dir='ltr'>schismatici</span> <span class='ocrx_word' id='word_1_177' title='bbox 985 1693 1203 1762; x_wconf 81' lang='lat' dir='ltr'>accipiant</span> <span class='ocrx_word' id='word_1_178' title='bbox 1220 1736 1230 1756; x_wconf 81' lang='lat'>,</span> <span class='ocrx_word' id='word_1_179' title='bbox 1253 1699 1441 1745; x_wconf 81' lang='lat' dir='ltr'>charitas</span> <span class='ocrx_word' id='word_1_180' title='bbox 1455 1717 1555 1764; x_wconf 81' lang='lat' dir='ltr'>quae</span> 
     </span>
     <span class='ocr_line' id='line_1_22' title="bbox 184 1769 1556 1834; baseline 0.004 -21"><span class='ocrx_word' id='word_1_181' title='bbox 184 1769 378 1833; x_wconf 86' lang='lat' dir='ltr'>cooperit</span> <span class='ocrx_word' id='word_1_182' title='bbox 411 1769 734 1815; x_wconf 80' lang='lat' dir='ltr'>multitudinem</span> <span class='ocrx_word' id='word_1_183' title='bbox 778 1782 1088 1833; x_wconf 85' lang='lat' dir='ltr'>peccatorum,</span> <span class='ocrx_word' id='word_1_184' title='bbox 1128 1771 1359 1834; x_wconf 87' lang='lat' dir='ltr'>proprium</span> <span class='ocrx_word' id='word_1_185' title='bbox 1390 1771 1556 1818; x_wconf 89' lang='lat' dir='ltr'>donum</span> 
     </span>
     <span class='ocr_line' id='line_1_23' title="bbox 183 1839 1555 1906; baseline 0.003 -21"><span class='ocrx_word' id='word_1_186' title='bbox 183 1851 244 1885; x_wconf 85' lang='lat' dir='ltr'>est</span> <span class='ocrx_word' id='word_1_187' title='bbox 267 1839 496 1885; x_wconf 64' lang='lat' dir='ltr'>catholicas</span> <span class='ocrx_word' id='word_1_188' title='bbox 516 1841 692 1886; x_wconf 86' lang='lat' dir='ltr'>unitatis</span> <span class='ocrx_word' id='word_1_189' title='bbox 707 1851 747 1886; x_wconf 89' lang='lat' dir='ltr'>et</span> <span class='ocrx_word' id='word_1_190' title='bbox 770 1841 914 1904; x_wconf 81' lang='lat' dir='ltr'>pacis3</span> <span class='ocrx_word' id='word_1_191' title='bbox 935 1859 1012 1887; x_wconf 88' lang='lat' dir='ltr'>nec</span> <span class='ocrx_word' id='word_1_192' title='bbox 1033 1845 1123 1901; x_wconf 75' lang='lat' dir='ltr'>ejils</span> <span class='ocrx_word' id='word_1_193' title='bbox 1139 1842 1184 1887; x_wconf 90' lang='lat' dir='ltr'>in</span> <span class='ocrx_word' id='word_1_194' title='bbox 1203 1843 1430 1899; x_wconf 88' lang='lat' dir='ltr'>omnibus,</span> <span class='ocrx_word' id='word_1_195' title='bbox 1451 1843 1555 1906; x_wconf 85' lang='lat' dir='ltr'>quia</span> 
     </span>
     <span class='ocr_line' id='line_1_24' title="bbox 184 1911 1554 1970; baseline 0.002 -15"><span class='ocrx_word' id='word_1_196' title='bbox 184 1928 262 1956; x_wconf 83' lang='lat' dir='ltr'>nec</span> <span class='ocrx_word' id='word_1_197' title='bbox 285 1913 376 1970; x_wconf 78' lang='lat' dir='ltr'>ejus</span> <span class='ocrx_word' id='word_1_198' title='bbox 398 1921 497 1956; x_wconf 91' lang='lat' dir='ltr'>sunt</span> <span class='ocrx_word' id='word_1_199' title='bbox 520 1928 665 1956; x_wconf 84' lang='lat' dir='ltr'>omnes</span> <span class='ocrx_word' id='word_1_200' title='bbox 682 1948 692 1966; x_wconf 81' lang='lat'>,</span> <span class='ocrx_word' id='word_1_201' title='bbox 722 1911 833 1957; x_wconf 85' lang='lat' dir='ltr'>sicut</span> <span class='ocrx_word' id='word_1_202' title='bbox 855 1929 931 1957; x_wconf 91' lang='lat' dir='ltr'>suo</span> <span class='ocrx_word' id='word_1_203' title='bbox 962 1912 1061 1957; x_wconf 90' lang='lat' dir='ltr'>loco</span> <span class='ocrx_word' id='word_1_204' title='bbox 1093 1912 1353 1960; x_wconf 88' lang='lat' dir='ltr'>videbimus.</span> <span class='ocrx_word' id='word_1_205' title='bbox 1387 1915 1554 1959; x_wconf 78' lang='lat' dir='ltr'>Praeter</span> 
     </span>
     <span class='ocr_line' id='line_1_25' title="bbox 183 1981 1555 2047; baseline 0.003 -21"><span class='ocrx_word' id='word_1_206' title='bbox 183 1982 320 2045; x_wconf 88' lang='lat' dir='ltr'>ipsam</span> <span class='ocrx_word' id='word_1_207' title='bbox 346 1992 489 2027; x_wconf 88' lang='lat' dir='ltr'>tamen</span> <span class='ocrx_word' id='word_1_208' title='bbox 514 1999 599 2027; x_wconf 80' lang='lat' dir='ltr'>esse</span> <span class='ocrx_word' id='word_1_209' title='bbox 624 1981 699 2027; x_wconf 91' lang='lat' dir='ltr'>illa</span> <span class='ocrx_word' id='word_1_210' title='bbox 722 1981 912 2028; x_wconf 86' lang='lat' dir='ltr'>charitas</span> <span class='ocrx_word' id='word_1_211' title='bbox 933 2000 1021 2028; x_wconf 87' lang='lat' dir='ltr'>non</span> <span class='ocrx_word' id='word_1_212' title='bbox 1045 1993 1214 2045; x_wconf 83' lang='lat' dir='ltr'>potest,</span> <span class='ocrx_word' id='word_1_213' title='bbox 1238 1983 1327 2029; x_wconf 84' lang='lat' dir='ltr'>sine</span> <span class='ocrx_word' id='word_1_214' title='bbox 1350 2001 1436 2047; x_wconf 89' lang='lat' dir='ltr'>qua</span> <span class='ocrx_word' id='word_1_215' title='bbox 1464 2001 1555 2030; x_wconf 84' lang='lat' dir='ltr'>cae-</span> 
     </span>
     <span class='ocr_line' id='line_1_26' title="bbox 183 2051 1553 2115; baseline 0.001 -19"><span class='ocrx_word' id='word_1_216' title='bbox 183 2062 269 2097; x_wconf 85' lang='lat' dir='ltr'>tera</span> <span class='ocrx_word' id='word_1_217' title='bbox 287 2051 453 2097; x_wconf 87' lang='lat' dir='ltr'>etiamsi</span> <span class='ocrx_word' id='word_1_218' title='bbox 474 2052 642 2112; x_wconf 82' lang='lat' dir='ltr'>agnosci</span> <span class='ocrx_word' id='word_1_219' title='bbox 660 2062 700 2097; x_wconf 85' lang='lat' dir='ltr'>et</span> <span class='ocrx_word' id='word_1_220' title='bbox 719 2053 953 2115; x_wconf 84' lang='lat' dir='ltr'>approbari</span> <span class='ocrx_word' id='word_1_221' title='bbox 968 2063 1150 2115; x_wconf 88' lang='lat' dir='ltr'>possunt</span> <span class='ocrx_word' id='word_1_222' title='bbox 1165 2089 1174 2108; x_wconf 84' lang='lat'>‚</span> <span class='ocrx_word' id='word_1_223' title='bbox 1192 2052 1395 2115; x_wconf 85' lang='lat' dir='ltr'>prodesse</span> <span class='ocrx_word' id='word_1_224' title='bbox 1412 2063 1553 2099; x_wconf 87' lang='lat' dir='ltr'>tamen</span> 
     </span>
     <span class='ocr_line' id='line_1_27' title="bbox 181 2122 1554 2185; baseline 0.001 -18"><span class='ocrx_word' id='word_1_225' title='bbox 181 2122 416 2167; x_wconf 79' lang='lat' dir='ltr'>ctliberare</span> <span class='ocrx_word' id='word_1_226' title='bbox 437 2139 525 2167; x_wconf 90' lang='lat' dir='ltr'>non</span> <span class='ocrx_word' id='word_1_227' title='bbox 543 2133 738 2185; x_wconf 88' lang='lat' dir='ltr'>possunt.</span> <span class='ocrx_word' id='word_1_228' title='bbox 767 2124 920 2168; x_wconf 79' lang='lat' dir='ltr'>Manus</span> <span class='ocrx_word' id='word_1_229' title='bbox 939 2133 1079 2168; x_wconf 86' lang='lat' dir='ltr'>autem</span> <span class='ocrx_word' id='word_1_230' title='bbox 1097 2122 1319 2185; x_wconf 87' lang='lat' dir='ltr'>impositio</span> <span class='ocrx_word' id='word_1_231' title='bbox 1335 2140 1422 2168; x_wconf 90' lang='lat' dir='ltr'>non</span> <span class='ocrx_word' id='word_1_232' title='bbox 1443 2123 1554 2169; x_wconf 89' lang='lat' dir='ltr'>sicut</span> 
     </span>
     <span class='ocr_line' id='line_1_28' title="bbox 181 2193 1555 2256; baseline 0.003 -19"><span class='ocrx_word' id='word_1_233' title='bbox 181 2193 427 2256; x_wconf 85' lang='lat' dir='ltr'>baptismus</span> <span class='ocrx_word' id='word_1_234' title='bbox 463 2194 598 2256; x_wconf 86' lang='lat' dir='ltr'>repeti</span> <span class='ocrx_word' id='word_1_235' title='bbox 623 2211 710 2238; x_wconf 88' lang='lat' dir='ltr'>non</span> <span class='ocrx_word' id='word_1_236' title='bbox 744 2204 896 2256; x_wconf 82' lang='lat' dir='ltr'>potest.</span> <span class='ocrx_word' id='word_1_237' title='bbox 939 2193 1059 2250; x_wconf 85' lang='lat' dir='ltr'>Quid</span> <span class='ocrx_word' id='word_1_238' title='bbox 1084 2204 1145 2238; x_wconf 81' lang='lat' dir='ltr'>est</span> <span class='ocrx_word' id='word_1_239' title='bbox 1176 2193 1290 2239; x_wconf 87' lang='lat' dir='ltr'>enim</span> <span class='ocrx_word' id='word_1_240' title='bbox 1320 2193 1440 2239; x_wconf 87' lang='lat' dir='ltr'>aliud</span> <span class='ocrx_word' id='word_1_241' title='bbox 1473 2195 1555 2241; x_wconf 89' lang='lat' dir='ltr'>nisi</span> 
     </span>
     <span class='ocr_line' id='line_1_29' title="bbox 182 2263 743 2327; baseline 0.002 -20"><span class='ocrx_word' id='word_1_242' title='bbox 182 2263 321 2308; x_wconf 88' lang='lat' dir='ltr'>oratio</span> <span class='ocrx_word' id='word_1_243' title='bbox 342 2280 472 2327; x_wconf 88' lang='lat' dir='ltr'>super</span> <span class='ocrx_word' id='word_1_244' title='bbox 492 2264 743 2309; x_wconf 60' lang='lat' dir='ltr'>hominem?</span> 
     </span>
    </p>

    <p class='ocr_par' dir='ltr' id='par_1_3' title="bbox 180 2333 1555 2610">
     <span class='ocr_line' id='line_1_30' title="bbox 247 2333 1555 2397; baseline 0.002 -18"><span class='ocrx_word' id='word_1_245' title='bbox 247 2335 392 2381; x_wconf 62' lang='lat' dir='ltr'><strong>XXII.</strong></span> <span class='ocrx_word' id='word_1_246' title='bbox 426 2355 444 2374; x_wconf 70' lang='lat' dir='ltr'><em>a</em></span> <span class='ocrx_word' id='word_1_247' title='bbox 470 2334 580 2379; x_wconf 83' lang='lat' dir='ltr'>Nam</span> <span class='ocrx_word' id='word_1_248' title='bbox 614 2334 733 2397; x_wconf 86' lang='lat' dir='ltr'>quod</span> <span class='ocrx_word' id='word_1_249' title='bbox 768 2334 811 2380; x_wconf 91' lang='lat' dir='ltr'>in</span> <span class='ocrx_word' id='word_1_250' title='bbox 838 2345 942 2397; x_wconf 56' lang='lat' dir='ltr'>typo</span> <span class='ocrx_word' id='word_1_251' title='bbox 970 2333 1146 2380; x_wconf 84' lang='lat' dir='ltr'>unitatis</span> <span class='ocrx_word' id='word_1_252' title='bbox 1179 2336 1308 2381; x_wconf 87' lang='lat' dir='ltr'>Petro</span> <span class='ocrx_word' id='word_1_253' title='bbox 1341 2335 1555 2382; x_wconf 88' lang='lat' dir='ltr'>Dominus</span> 
     </span>
     <span class='ocr_line' id='line_1_31' title="bbox 183 2405 1554 2471; baseline 0.002 -21"><span class='ocrx_word' id='word_1_254' title='bbox 183 2405 304 2451; x_wconf 87' lang='lat' dir='ltr'>dedit</span> <span class='ocrx_word' id='word_1_255' title='bbox 326 2415 579 2468; x_wconf 83' lang='lat' dir='ltr'>potestatem</span> <span class='ocrx_word' id='word_1_256' title='bbox 599 2442 609 2461; x_wconf 80' lang='lat'>,</span> <span class='ocrx_word' id='word_1_257' title='bbox 634 2416 681 2450; x_wconf 84' lang='lat' dir='ltr'>ut</span> <span class='ocrx_word' id='word_1_258' title='bbox 703 2406 747 2452; x_wconf 87' lang='lat' dir='ltr'>id</span> <span class='ocrx_word' id='word_1_259' title='bbox 772 2405 1007 2451; x_wconf 67' lang='lat' dir='ltr'>solveretur</span> <span class='ocrx_word' id='word_1_260' title='bbox 1030 2406 1074 2450; x_wconf 90' lang='lat' dir='ltr'>in</span> <span class='ocrx_word' id='word_1_261' title='bbox 1100 2407 1223 2452; x_wconf 89' lang='lat' dir='ltr'>terris</span> <span class='ocrx_word' id='word_1_262' title='bbox 1246 2407 1365 2471; x_wconf 87' lang='lat' dir='ltr'>quod</span> <span class='ocrx_word' id='word_1_263' title='bbox 1382 2407 1452 2453; x_wconf 91' lang='lat' dir='ltr'>ille</span> <span class='ocrx_word' id='word_1_264' title='bbox 1473 2407 1554 2453; x_wconf 93' lang='lat' dir='ltr'>sol-</span> 
     </span>
     <span class='ocr_line' id='line_1_32' title="bbox 180 2475 1555 2538; baseline 0.003 -18"><span class='ocrx_word' id='word_1_265' title='bbox 180 2476 331 2531; x_wconf 75' lang='lat' dir='ltr'>visset,</span> <span class='ocrx_word' id='word_1_266' title='bbox 354 2496 374 2516; x_wconf 87' lang='lat'>»</span> <span class='ocrx_word' id='word_1_267' title='bbox 405 2475 677 2521; x_wconf 75' lang='lat' dir='ltr'>manifestum</span> <span class='ocrx_word' id='word_1_268' title='bbox 701 2487 761 2521; x_wconf 86' lang='lat' dir='ltr'>est</span> <span class='ocrx_word' id='word_1_269' title='bbox 791 2476 907 2538; x_wconf 84' lang='lat' dir='ltr'>quod</span> <span class='ocrx_word' id='word_1_270' title='bbox 935 2476 1007 2521; x_wconf 89' lang='lat' dir='ltr'>illa</span> <span class='ocrx_word' id='word_1_271' title='bbox 1038 2477 1179 2522; x_wconf 83' lang='lat' dir='ltr'>unitas</span> <span class='ocrx_word' id='word_1_272' title='bbox 1209 2479 1336 2523; x_wconf 85' lang='lat' dir='ltr'>etiam</span> <span class='ocrx_word' id='word_1_273' title='bbox 1370 2494 1456 2524; x_wconf 87' lang='lat' dir='ltr'>una</span> <span class='ocrx_word' id='word_1_274' title='bbox 1476 2495 1555 2524; x_wconf 89' lang='lat' dir='ltr'>co-</span> 
     </span>
     <span class='ocr_line' id='line_1_33' title="bbox 181 2544 1555 2610; baseline 0.003 -18"><span class='ocrx_word' id='word_1_275' title='bbox 181 2545 335 2592; x_wconf 87' lang='lat' dir='ltr'>lumba</span> <span class='ocrx_word' id='word_1_276' title='bbox 358 2544 548 2609; x_wconf 83' lang='lat' dir='ltr'>perfecta</span> <span class='ocrx_word' id='word_1_277' title='bbox 565 2547 619 2590; x_wconf 89' lang='lat' dir='ltr'>sit</span> <span class='ocrx_word' id='word_1_278' title='bbox 644 2546 777 2592; x_wconf 87' lang='lat' dir='ltr'>dicta.</span> <span class='ocrx_word' id='word_1_279' title='bbox 804 2545 1031 2610; x_wconf 80' lang='lat' dir='ltr'>Numquid</span> <span class='ocrx_word' id='word_1_280' title='bbox 1052 2564 1152 2607; x_wconf 82' lang='lat' dir='ltr'>ergo</span> <span class='ocrx_word' id='word_1_281' title='bbox 1176 2547 1230 2593; x_wconf 86' lang='lat' dir='ltr'>ad</span> <span class='ocrx_word' id='word_1_282' title='bbox 1254 2548 1450 2595; x_wconf 88' lang='lat' dir='ltr'>eamdem</span> <span class='ocrx_word' id='word_1_283' title='bbox 1475 2566 1555 2595; x_wconf 83' lang='lat' dir='ltr'>co·-</span> 
     </span>
    </p>
   </div>
   <div class='ocr_carea' id='block_1_3' title="bbox 230 2626 1224 2672">
    <p class='ocr_par' dir='ltr' id='par_1_4' title="bbox 230 2626 1224 2672">
     <span class='ocr_line' id='line_1_34' title="bbox 230 2626 1224 2672; baseline 0.001 -12"><span class='ocrx_word' id='word_1_284' title='bbox 230 2628 240 2651; x_wconf 84' lang='lat'>¹</span> <span class='ocrx_word' id='word_1_285' title='bbox 268 2639 279 2659; x_wconf 89' lang='lat'>1</span> <span class='ocrx_word' id='word_1_286' title='bbox 301 2630 374 2660; x_wconf 73' lang='lat' dir='ltr'>Cor.</span> <span class='ocrx_word' id='word_1_287' title='bbox 394 2640 457 2669; x_wconf 72' lang='lat' dir='ltr'>xii,</span> <span class='ocrx_word' id='word_1_288' title='bbox 480 2627 893 2671; x_wconf 66' lang='lat' dir='ltr'>11.--&#39;²Act.11,13.--</span> <span class='ocrx_word' id='word_1_289' title='bbox 914 2626 927 2651; x_wconf 85' lang='lat'>3</span> <span class='ocrx_word' id='word_1_290' title='bbox 949 2640 960 2660; x_wconf 90' lang='lat'>1</span> <span class='ocrx_word' id='word_1_291' title='bbox 983 2632 1049 2672; x_wconf 70' lang='lat' dir='ltr'>Rvg</span> <span class='ocrx_word' id='word_1_292' title='bbox 1080 2642 1112 2671; x_wconf 78' lang='lat' dir='ltr'>x,</span> <span class='ocrx_word' id='word_1_293' title='bbox 1134 2632 1224 2664; x_wconf 78' lang='lat'><em>6-10,</em></span> 
     </span>
    </p>
   </div>
  </div>
 </body>
</html>
