1894 3154
430 289 604 322 CONTRA
638 289 843 320 LITTERAS
881 289 1120 329 PETILtANt,
1162 289 1248 322 Lm.
1292 292 1323 321 1.
1482 279 1567 333 461

202 356 249 401 in
270 355 463 419 Epistola
487 372 561 401 sua
588 366 725 418 ponat
744 392 754 410 ,
791 365 832 400 et
858 353 1004 399 dicat:
1038 376 1057 395 α
1079 355 1235 401 01111115
1259 357 1374 402 6111111
1400 374 1464 403 res
1489 359 1574 404 ori-

203 427 299 486 gine
334 437 376 471 et
398 425 542 472 radice
566 426 786 480 consistit,
814 435 854 470 et
875 425 909 470 si
938 435 1074 488 caput
1097 443 1185 471 non
1214 426 1352 472 habet
1376 427 1541 490 aliquid
1561 466 1573 485 ,

202 496 314 542 nihil
338 507 412 541 est.
436 520 450 536 »
478 497 675 559 Cumque
694 496 901 555 originem
919 506 960 540 et
979 495 1168 541 radicem
1193 507 1234 541 et
1257 508 1390 559 caput
1419 498 1573 561 bapti-

203 567 314 621 zati,
356 566 579 611 hominem
616 584 638 612 a
672 583 759 629 quo
782 566 1060 629 baptizatur,
1095 566 1198 611 velit
1230 567 1440 627 intelligi,
1469 567 1578 630 quid

202 636 382 700 prodest
403 637 557 682 misero
579 637 801 700 baptizato
824 675 834 693 ,
857 637 977 700 quod
1000 637 1170 697 ignorat
1194 655 1326 701 quam
1357 638 1497 684 malus
1523 639 1579 684 sit

203 707 450 770 baptizator
473 711 564 767 ejus
587 711 605 752 ἶ)
635 709 813 767 Ignorat
831 708 945 753 enim
972 724 1013 752 se
1034 707 1198 753 malum
1225 708 1387 753 habere
1410 719 1544 771 caput
1565 745 1576 763 ,

205 788 281 823 aut
303 778 479 823 omnino
507 795 548 823 se
567 795 654 823 esse
676 779 765 823 sine
788 779 945 841 capite.
976 779 1139 823 Tamen
1162 795 1262 843 quae
1286 796 1381 842 spes
1402 790 1465 824 est
1487 779 1575 837 illi,

206 848 277 894 cui
303 848 390 893 sive
413 848 581 904 scienti,
612 849 698 895 sive
718 849 942 904 nescienti,
968 859 1103 911 caput
1122 849 1354 912 pessimum
1378 860 1453 894 aut
1474 849 1580 894 nul-

204 917 298 963 lum
317 921 408 963 est?
436 918 662 981 Numquid
689 919 784 981 ipsa
810 918 1053 978 ignorantia
1076 919 1126 963 fit
1142 919 1179 964 ei
1210 929 1360 981 caput.
1386 919 1456 964 cui
1482 935 1582 964 suus

206 988 454 1051 baptizator
466 988 533 1034 vel
556 988 719 1033 malum
739 999 873 1051 caput
894 988 960 1033 vel
984 988 1154 1033 nullum
1179 992 1272 1034 est?
1294 990 1349 1033 At
1364 988 1449 1034 hoc
1469 989 1586 1052 quis-

206 1059 304 1121 quis
322 1058 561 1122 putaverit,
591 1075 686 1104 vere
708 1059 796 1103 51116
822 1059 964 1121 capite
989 1069 1064 1104 est.

276 1129 349 1175 VI.
384 1131 472 1174 Nos
490 1146 589 1189 ergo
609 1129 846 1192 quaerimus
862 1167 872 1185 ,
898 1129 1001 1193 quia
1027 1129 1133 1174 dixit
1159 1129 1237 1174 iste
1259 1147 1269 1174 x
1298 1150 1318 1171 «
1340 1129 1429 1186 Qui
1453 1129 1585 1176 fidem

212 1218 234 1245 a
256 1199 425 1263 perfido
451 1201 708 1263 sumpserit,
746 1218 833 1245 non
871 1199 1000 1244 fidem
1028 1199 1250 1263 percipit,
1287 1199 1359 1245 sed
1393 1211 1588 1257 reatum3

211 1270 444 1332 statimque
469 1271 723 1326 connexuit,
753 1270 926 1315 dicens:
954 1270 1109 1315 Omnis
1133 1270 1244 1314 enim
1275 1287 1339 1315 res
1363 1270 1526 1329 origine
1545 1279 1589 1315 et

211 1339 357 1385 radice
379 1340 590 1397 consistit,
614 1352 655 1386 et
671 1341 705 1385 si
726 1351 861 1403 caput
878 1358 963 1386 non
980 1340 1115 1385 habet
1129 1339 1311 1402 aliquid,
1336 1340 1448 1385 nihil
1464 1351 1548 1385 est:
1568 1361 1589 1383 »

213 1411 449 1473 quaerimus
468 1410 613 1473 itaque
636 1428 730 1466 nos,
761 1427 861 1456 cum
884 1410 954 1455 ille
977 1410 1224 1472 baptizator
1240 1409 1434 1472 perfidus
1458 1409 1587 1467 latet,

213 1481 249 1526 si
272 1491 377 1526 tunc
398 1480 487 1537 ille,
508 1497 639 1542 quem
657 1480 871 1543 baptizat,
892 1479 1022 1525 fidem
1044 1479 1251 1542 percipit,
1279 1496 1367 1524 non
1392 1489 1587 1532 reatum3

215 1550 249 1596 si
266 1561 371 1595 tunc
395 1551 432 1595 ei
456 1567 544 1595 non
568 1561 629 1595 est
651 1550 896 1613 baptizator
916 1554 1005 1609 ejus
1029 1551 1148 1608 origo
1172 1560 1214 1594 et
1237 1549 1359 1595 radix
1380 1560 1421 1594 et
1438 1559 1590 1612 caput,

215 1622 311 1685 quis
337 1632 399 1666 est
431 1639 453 1667 a
480 1639 567 1684 quo
594 1622 757 1684 accipit
784 1621 941 1666 fidem?
970 1621 1048 1666 ubi
1071 1631 1132 1666 est
1160 1620 1280 1680 origo
1312 1620 1365 1666 de
1389 1638 1474 1683 qua
1505 1621 1596 1666 ori-

217 1702 289 1737 tur
310 1729 320 1743 ,
345 1692 424 1737 ubi
448 1692 569 1737 radix
591 1691 706 1736 unde
729 1692 939 1751 germinat
960 1728 971 1748 ,
1003 1691 1083 1736 uhi
1104 1701 1239 1753 caput
1265 1691 1380 1736 unde
1403 1691 1594 1754 incipit?

219 1764 287 1808 An
307 1762 416 1808 forte
443 1779 543 1808 cum
568 1762 864 1825 baptizantem
891 1762 1106 1824 perfidum
1133 1762 1205 1807 ille
1245 1761 1320 1824 qui
1345 1761 1597 1824 baptizatur

218 1832 406 1891 ignorat,
435 1843 538 1877 tunc
561 1831 763 1877 Christus
789 1832 864 1877 dat
887 1831 1036 1884 fidem,
1061 1842 1165 1877 tunc
1185 1831 1384 1877 Christus
1397 1841 1460 1876 est
1479 1831 1598 1890 origo

220 1912 261 1947 et
284 1903 405 1947 radix
423 1914 463 1948 et
483 1906 647 1965 caput?
670 1904 708 1949 O
731 1903 924 1948 humana
944 1903 1158 1947 temeritas
1184 1913 1225 1947 et
1247 1902 1449 1965 superbia
1480 1919 1490 1945 z
1521 1916 1601 1946 cur

220 1989 310 2017 non
328 1973 429 2018 sinis
449 1973 596 2034 potius
622 1983 670 2017 ut
690 1990 856 2035 semper
878 1972 1078 2017 Christus
1106 1972 1183 2016 det
1204 1971 1334 2017 fidem
1349 2009 1360 2027 ,
1380 1970 1599 2016 Christia-

221 2059 327 2087 num
353 2042 498 2088 dando
522 2041 748 2088 facturus?
771 2043 863 2087 Cur
882 2059 969 2086 non
985 2042 1086 2087 sinis
1110 2053 1158 2087 ut
1182 2058 1350 2104 semper
1375 2042 1427 2085 sit
1447 2040 1596 2085 Chris-

225 2123 294 2157 tus
318 2113 439 2171 origo
459 2112 724 2167 Christiani,
745 2112 789 2156 in
813 2112 989 2156 Christo
1015 2111 1206 2156 radicem
1234 2111 1509 2156 Christianus
1531 2111 1602 2155 in·-

224 2183 345 2241 figat‚
376 2181 576 2226 Christus
601 2181 838 2226 Christiani
872 2181 926 2226 sit
949 2185 1111 2244 eaput?
1137 2182 1288 2244 Neque
1323 2181 1438 2226 enim
1473 2181 1603 2226 etiam

227 2268 328 2296 cum
348 2268 426 2313 per
455 2263 654 2296 sanctum
674 2262 715 2296 et
740 2250 911 2296 fidelem
936 2250 1276 2314 dispensatorem
1304 2252 1440 2311 gratia
1474 2250 1605 2314 spiri-

227 2321 323 2366 talis
340 2320 620 2366 credentibus
641 2322 888 2385 impertitur
909 2358 920 2375 ,
947 2320 1216 2384 dispensator
1249 2321 1340 2384 ipse
1359 2321 1571 2381 J‘ustificat
1591 2357 1603 2376 ,

229 2409 280 2437 ac
303 2409 392 2437 non
415 2391 486 2437 ille
511 2409 622 2438 1111115
645 2392 697 2438 de
723 2409 811 2456 quo
832 2391 1000 2437 dictum
1029 2402 1107 2448 est,
1138 2391 1257 2455 quod
1281 2393 1492 2452 justificat
1521 2392 1608 2437 im·-

228 2463 354 2526 pium
374 2461 424 2507 Γ.)
464 2463 552 2508 Aut
583 2480 685 2509 vero
710 2462 945 2526 Apostolus
971 2463 1130 2508 Paulus
1160 2474 1295 2526 caput
1329 2474 1390 2509 est
1427 2474 1468 2508 et
1491 2463 1610 2521 origo

231 2549 548 2596 eorum,·quos
585 2533 889 2596 plantaverat,
923 2543 997 2578 aut
1033 2533 1191 2596 Apollo
1220 2533 1341 2580 radix
1378 2544 1440 2579 est
1464 2549 1613 2579 eorum

290 2618 301 2641 ¹
320 2621 414 2652 Rom.
434 2629 477 2659 ιν,
498 2621 528 2651 5.
