1894 3154
312 218 404 272 400
735 230 770 258 S.
814 227 1060 259 Auensnm
1095 227 1296 259 EPlSCOPl

316 297 418 343 foris
440 295 649 352 habetur,
667 303 708 339 et
726 304 869 340 tamen
894 294 1084 340 habetur
1105 311 1116 338 ε
1144 292 1205 338 sic
1225 292 1376 339 illicite
1395 293 1497 340 foris
1518 293 1649 340 datur
1671 333 1682 350 ‚

318 368 390 414 scd
417 378 557 413 tamen
584 366 727 412 datur.
759 365 891 422 Quod
926 375 1069 410 autem
1104 374 1339 428 praestatur
1379 364 1574 411 redeunti
1609 366 1685 429 qui

317 440 433 486 intus
457 448 683 502 acceperat
700 473 711 491 ‚
746 437 834 482 hoc
870 446 1102 500 praestatur
1133 436 1323 482 venienti
1342 436 1416 499 qui
1439 435 1540 482 foris
1565 453 1683 481 acce-

319 521 464 575 perat3
505 509 551 554 id
574 520 635 554 est
655 545 665 564 ‚
693 519 742 553 ut
778 508 895 552 licite
917 507 1034 551 intus
1057 507 1242 562 habeat,
1269 507 1389 570 quod
1416 507 1564 553 illicite
1585 506 1686 553 soris

320 581 531 626 habebat.
572 577 656 623 Sed
693 577 848 639 aliquis
886 577 1066 622 forsitan
1096 587 1264 639 quaerat
1285 613 1297 632 ,
1324 577 1433 640 quid
1464 577 1517 623 de
1540 577 1625 622 hac
1650 594 1695 622 re

321 651 439 696 beati
461 648 674 712 Cypriani
701 648 898 711 Epistola
921 647 975 692 ad
997 648 1274 710 Stephanum
1298 647 1475 705 dixerit,
1503 650 1627 711 cujus
1652 649 1696 693 in

321 720 406 766 hac
445 718 654 764 sententia
690 718 1046 764 commemoratio
1066 717 1181 763 facta
1204 728 1282 773 est,
1311 735 1412 763 cum
1447 721 1491 764 in
1523 718 1696 764 exordio

324 790 496 836 concilii
517 807 606 835 non
625 790 679 834 sit
701 800 1042 835 commemorata
1060 826 1071 846 ,
1102 788 1232 834 credo
1258 789 1359 852 quia
1377 807 1464 835 non
1493 800 1699 853 putatum

324 872 385 906 est
407 859 707 906 necessarium.
733 862 842 905 Nam
864 871 904 906 et
926 860 1066 924 ipsam
1094 860 1140 905 in
1160 859 1241 905 isto
1264 870 1384 906 coetu
1410 860 1696 906 consacerdo-

326 943 420 977 tum
439 931 595 977 lectam
622 949 706 977 esse
732 931 839 976 dixit
861 949 871 975 ι
901 930 1020 994 quod
1039 930 1204 976 factum
1223 931 1401 976 omnino
1416 948 1504 976 non
1523 930 1698 987 dubito,

327 1014 541 1066 quantum
572 1004 777 1058 arbitror,
806 1014 854 1047 ut
878 1003 970 1047 fieri
997 1002 1128 1057 solet,
1162 1019 1249 1064 quo
1271 1014 1445 1065 possent
1476 1007 1567 1062 jam
1593 1020 1703 1048 con-

333 1074 496 1133 gregati
517 1073 726 1136 Episcopi
745 1073 872 1117 etiam
891 1072 943 1117 de
963 1072 1036 1117 illa
1056 1089 1181 1116 causa
1197 1073 1326 1117 simul
1348 1073 1510 1135 aliquid
1527 1089 1704 1132 cognos-

328 1160 439 1199 cere,
458 1160 557 1206 quae
576 1143 649 1187 illa
674 1143 871 1205 Epistola
890 1142 1276 1188 continetur.Nam
1296 1160 1475 1205 prorsus
1500 1143 1552 1188 ad
1568 1159 1706 1206 quaes-

330 1214 495 1259 tionem
514 1224 772 1276 praesentem
798 1230 886 1258 non
911 1213 1127 1276 pertinet3
1156 1223 1197 1257 et
1223 1214 1356 1273 magis
1375 1215 1507 1260 miror
1524 1230 1706 1260 cuream

329 1285 406 1330 iste
439 1301 779 1329 commemorare
804 1283 1006 1340 voluerit,
1031 1300 1161 1346 quam
1181 1300 1259 1328 cur
1278 1285 1323 1329 in
1344 1285 1516 1331 exordio
1534 1283 1708 1331 concilii

329 1355 684 1401 commemoratio
700 1354 1082 1417 ejuspraetermissa
1102 1354 1168 1400 sit.
1201 1355 1330 1410 Quod
1348 1357 1620 1420 siquisquam
1634 1373 1708 1400 ar-

330 1426 521 1471 bitratur
543 1443 609 1471 me
625 1424 792 1487 aliquid
812 1424 997 1469 noluisse
1015 1425 1061 1469 in
1083 1424 1275 1469 medium
1292 1426 1502 1488 proferre,
1526 1426 1645 1489 quod
1665 1426 1710 1471 in

328 1514 376 1542 ea
394 1497 587 1560 positum
611 1506 671 1541 est
701 1495 901 1559 praesenti
937 1512 1077 1540 cziusae
1108 1497 1394 1542 necessarium
1411 1534 1421 1549 ,
1470 1497 1584 1556 legat
1610 1514 1705 1541 eam

334 1579 376 1613 et
396 1567 503 1612 sciat
523 1583 674 1613 verum
698 1583 785 1610 esse
805 1564 924 1628 quod
950 1565 1048 1610 dico
1068 1583 1078 1609 :
1107 1575 1179 1610 aut
1197 1566 1231 1611 si
1252 1566 1369 1612 aliud
1391 1567 1621 1621 invenerit,
1641 1583 1711 1611 re-

337 1639 536 1698 darguat.
568 1639 750 1683 Prorsus
771 1637 885 1681 enim
905 1636 978 1681 illa
1001 1635 1196 1699 Epistola
1215 1636 1233 1665 ¹
1259 1637 1312 1682 de
1343 1638 1564 1701 baptismo
1595 1636 1714 1700 apud

336 1710 565 1755 haereticos
598 1707 667 1755 vel
702 1707 1000 1754 schismaticos
1042 1707 1174 1764 dato,
1215 1708 1330 1754 unde
1365 1726 1482 1754 nunc
1519 1709 1712 1769 aginmS‚

340 1779 453 1826 nihil
476 1780 627 1826 habet.

406 1852 567 1897 XXVI.
594 1849 851 1895 Nicomedes
877 1867 900 1894 a
935 1849 1145 1909 Segermis
1170 1849 1276 1896 dixit
1301 1869 1311 1895 ι
1341 1852 1476 1897 «Mea
1508 1851 1717 1897 sententia

342 1932 419 1977 cst,
448 1932 496 1966 ut
522 1920 718 1966 haeretici
744 1919 798 1964 acl
827 1919 1066 1964 Ecclesiam
1099 1922 1314 1967 venientes
1335 1923 1642 1986 baptizentur3
1670 1939 1718 1968 eo

342 1990 461 2056 quod
484 1989 648 2036 nullam
668 1987 770 2033 foris
793 1989 912 2052 apud
931 2000 1180 2052 peccatores
1199 1991 1491 2038 remissionem
1509 2004 1720 2057 peccato—

345 2079 444 2107 rum
466 2068 798 2121 consequantur.
830 2079 850 2099 »

410 2130 593 2178 XXVII.
624 2129 707 2174 Cui
730 2127 1016 2192 respondetur
1034 2146 1045 2173 ε
1067 2129 1286 2177 Universae
1307 2133 1512 2179 Ecclesiae
1533 2134 1722 2180 catholi-

347 2219 409 2247 cae
429 2200 638 2247 sententia
661 2199 761 2245 haec
778 2209 857 2255 est,
885 2209 932 2244 ut
953 2199 1149 2246 haeretici
1175 2203 1373 2264 quamvis
1399 2204 1444 2249 in
1465 2204 1723 2265 liaeresijam

348 2272 515 2318 Christi
539 2270 759 2334 baptismo
795 2269 1007 2333 baptizati
1043 2270 1098 2316 ad
1136 2272 1374 2319 Ecclesiam
1393 2275 1608 2321 venientes
1636 2293 1724 2321 non

395 2387 406 2408 ¹
426 2388 505 2416 Dnae
521 2390 631 2416 extant
650 2384 802 2427 Cypriani
824 2384 861 2415 ad
877 2384 1071 2426 Stephanum
1086 2385 1235 2428 epistolae‚
1254 2387 1350 2419 altera
1368 2388 1406 2420 de
1426 2389 1591 2421 Marciano
1610 2391 1724 2423 Arela-

351 2438 431 2470 tansi
457 2438 605 2479 episcopo
625 2437 799 2468 ainoxeudo
816 2460 824 2475 ,
843 2448 912 2479 quae
932 2449 1016 2469 nuuc
1033 2445 1079 2470 est
1103 2439 1213 2470 ordine
1230 2442 1284 2471 68.
1302 2442 1399 2473 ultera
1420 2454 1490 2484 ‹111ae
1515 2444 1663 2486 synodica
1680 2450 1727 2476 est

352 2496 488 2522 {iactans
508 2490 638 2520 omnino
666 2490 697 2520 id
726 2489 808 2520 unde
839 2492 942 2531 agitur
971 2497 1192 2532 argumentum
1222 2492 1259 2522 de
1286 2493 1483 2536 baptizandis
1508 2497 1664 2529 haereticis
1696 2504 1726 2529 et

351 2543 566 2577 sshismaticis.
585 2544 725 2576 Priorem
742 2549 866 2576 tautum
880 2543 1002 2577 viderat
1017 2545 1222 2588 Augustinus,
1238 2557 1302 2579 non
1321 2549 1545 2591 posteriorem.
