1894 3154
339 277 431 325 386
759 291 793 320 s,
842 287 1082 320 Aucusrlm
1117 287 1324 320 EPIscom

340 356 603 425 apertissime
624 366 830 420 apparet3
857 355 959 418 quia
982 354 1051 401 isti
1076 365 1176 401 sunt
1203 355 1344 413 avari,
1379 364 1591 419 raptores,
1617 355 1706 402 foe-

339 440 571 484 neratoreS,
587 426 743 480 invidi,
764 425 979 483 malevoli,
996 437 1038 472 et
1057 437 1212 473 caetera
1231 426 1509 487 hujusmodi3
1532 426 1605 472 illa
1630 443 1712 473 au-

341 512 429 548 tem
455 499 661 546 columba
685 498 833 553 unica,
860 497 1023 560 pudica
1040 509 1082 543 et
1099 509 1232 553 casta,
1260 515 1417 562 sponsa
1434 498 1523 544 sine
1540 498 1713 544 macula

340 583 383 618 et
400 570 556 631 rugast,
581 570 736 614 hortus
761 568 1007 624 conclusus,
1025 567 1120 613 fons
1141 568 1346 628 signatus,
1367 569 1593 631 paradisus
1611 586 1713 614 cum

336 642 486 689 fructu
511 656 745 705 pomorum
765 639 802 695 2,
829 648 869 683 et
883 648 1038 684 eaetera
1061 656 1162 702 quae
1184 639 1238 685 de
1266 639 1341 684 illa
1371 639 1566 685 similiter
1597 639 1715 686 dicta

340 724 474 759 sunt:
501 709 621 775 quod
650 727 738 755 non
766 708 1021 768 intelligitur
1061 709 1143 754 nisi
1177 709 1223 755 in
1257 709 1383 755 bonis
1415 721 1457 756 et
1494 711 1650 757 sanctis
1673 721 1714 757 et

335 783 479 845 justis,
502 782 548 827 id
565 792 649 838 est,
677 798 763 826 non
788 790 960 825 tantuin
990 780 1229 827 secundum
1261 781 1531 844 operationes
1556 799 1714 827 mune-

338 871 436 901 rum
457 852 540 898 Dei
555 851 684 897 bonis
707 850 917 913 malisque
935 868 1205 908 communes,
1234 851 1307 898 sed
1327 852 1455 897 etiam
1476 852 1715 899 secundum

339 924 538 971 intimam
559 934 600 968 et
626 922 1017 985 supereminentem
1041 922 1303 968 charitatem
1340 922 1554 986 Spiritum
1587 939 1716 968 sanc-

341 1004 436 1040 tuni
459 993 746 1048 habentibus,
767 991 930 1055 quibus
952 992 1166 1037 Dominus
1202 992 1308 1038 dicit
1332 1011 1342 1037 :
1373 1014 1393 1034 α
1415 994 1460 1038 Si
1486 994 1557 1039 cui
1581 993 1716 1039 dimi-

340 1087 362 1108 »
381 1065 515 1111 seritis
535 1073 717 1128 peccata
732 1099 743 1118 ,
771 1061 1049 1107 dimittentur
1073 1063 1136 1117 ei;
1164 1073 1204 1108 et
1236 1063 1270 1108 si
1292 1063 1364 1108 cui
1397 1064 1634 1120 tenueritis,
1655 1073 1716 1109 te-

340 1157 362 1178 »
383 1136 606 1182 nebuntur
625 1133 659 1180 ³.
689 1154 709 1175 »

404 1207 481 1253 VI.
514 1206 577 1252 Ac
601 1222 680 1269 per
706 1203 795 1249 hoc
833 1201 947 1248 nihil
973 1201 1180 1248 idoneum
1210 1202 1325 1259 dici,
1366 1220 1446 1249 cur
1471 1220 1559 1248 non
1581 1202 1716 1266 possit

339 1276 480 1322 malus
499 1277 629 1321 etiam
654 1273 821 1319 tradere
859 1273 1147 1336 baptismum,
1174 1274 1251 1336 qui
1285 1284 1427 1336 potest
1450 1274 1638 1326 habere3
1673 1283 1715 1318 et

339 1346 449 1392 sicui
469 1345 709 1409 perniciose
731 1343 885 1399 habet,
910 1343 970 1388 ita
1000 1343 1127 1388 etiam
1148 1344 1388 1406 perniciose
1406 1343 1597 1398 tradere3
1624 1360 1713 1387 non

340 1417 442 1480 quia
462 1416 546 1461 tale
564 1414 728 1479 aliquid
748 1414 899 1470 tradit,
922 1430 1002 1458 nec
1030 1414 1131 1476 quia
1152 1414 1245 1459 talis
1264 1414 1413 1471 tradit,
1431 1414 1502 1460 sed
1518 1414 1620 1478 quia
1637 1412 1714 1458 tali

339 1487 487 1532 tradit,
515 1487 627 1531 Nam
651 1502 754 1530 cum
772 1485 910 1530 malus
936 1483 1070 1529 tradit
1092 1484 1210 1529 bono
1230 1522 1240 1541 ,
1264 1485 1309 1529 id
1334 1495 1420 1540 est,
1456 1485 1501 1529 in
1539 1483 1715 1530 unitatis

336 1557 532 1614 vinculo,
558 1557 701 1604 veraci
730 1555 1007 1601 conversione
1043 1565 1231 1611 mutato,
1255 1556 1366 1601 inter
1389 1556 1554 1601 bonum
1579 1571 1717 1600 sacra-

338 1642 534 1678 mentum
553 1629 673 1694 quod
707 1628 910 1685 traditur,
938 1639 978 1673 et
998 1628 1168 1674 bonum
1187 1628 1360 1674 fidelem
1392 1629 1466 1675 cui
1495 1625 1683 1673 traditur
1700 1665 1711 1683 ‚

340 1701 552 1748 tradentis
578 1701 741 1746 malitia
777 1718 865 1746 non
891 1710 1076 1763 separat.
1115 1701 1171 1744 Et
1209 1717 1307 1745 cum
1340 1700 1403 1746 illi
1431 1700 1641 1746 veraciter
1662 1697 1717 1744 ad

343 1773 483 1821 Deum
502 1790 711 1819 converso
732 1782 912 1836 peccata
930 1771 1225 1828 dimittuntur,
1253 1771 1307 1816 ab
1332 1771 1390 1817 eis
1408 1771 1713 1825 dimittuntur,

341 1845 503 1913 quibus
524 1845 617 1908 ipsa
637 1843 780 1888 veraci
796 1842 1074 1888 conversione
1098 1843 1393 1902 conjungitur.
1420 1842 1540 1888 Idem
1551 1842 1717 1905 quippe

343 1914 532 1977 Spiritus
555 1923 729 1958 sanctus
749 1930 795 1957 ea
824 1912 1023 1966 dimittit,
1049 1912 1122 1974 qui
1152 1912 1276 1957 datus
1291 1923 1351 1958 est
1373 1913 1578 1958 omnibus
1597 1927 1718 1956 sanc-

344 1985 396 2030 tis
416 1983 499 2029 silai
523 1983 734 2028 charitate
758 1981 1101 2035 coherentibus,
1127 1981 1212 2027 sive
1231 1999 1271 2026 se
1289 1983 1487 2028 noverint
1509 1998 1718 2044 corpora-

341 2055 458 2111 liter,
484 2055 570 2100 sive
594 2071 683 2099 non
702 2053 915 2098 noverint.
947 2052 1154 2098 Similiter
1186 2069 1287 2097 cuni
1324 2052 1505 2112 alicujus
1538 2061 1720 2116 peccata

344 2136 565 2181 tenentur,
592 2124 647 2169 ab
672 2124 728 2169 eis
753 2123 900 2186 utiquc
927 2133 1142 2179 tenentur,
1165 2140 1188 2167 a
1207 2122 1370 2186 quibus
1392 2140 1433 2168 se
1450 2123 1537 2178 ille,
1565 2121 1636 2168 cui
1660 2132 1718 2167 te-

346 2196 626 2252 nentur,vitae
638 2193 987 2239 dissimilitudine
996 2203 1035 2238 et
1043 2193 1169 2256 pravi
1182 2193 1323 2239 cordis
1335 2194 1552 2240 aversione
1560 2192 1722 2252 disjun-

344 2267 428 2328 git,
456 2268 541 2313 sive
563 2266 689 2311 illum
716 2265 1001 2329 corporaliter
1020 2265 1244 2320 noverint,
1276 2266 1361 2311 sive
1390 2283 1477 2311 non
1500 2264 1713 2311 noverint.

408 2338 507 2384 VII.
540 2337 822 2400 Quapropter
846 2353 991 2381 omnes
1030 2335 1134 2380 mali
1162 2335 1414 2398 spiritaliter
1444 2354 1466 2381 a
1487 2335 1614 2380 bonis
1652 2351 1720 2379 se-

335 2408 483 2468 juncti
501 2418 629 2452 sunt:
657 2407 692 2452 si
715 2418 857 2452 autem
883 2407 1012 2452 etiam
1041 2406 1326 2470 corporaliter
1370 2416 1518 2469 aperta
1556 2405 1722 2450 dissen-

339 2479 458 2525 sione
482 2489 752 2542 separentur,
780 2482 948 2541 pejores
967 2478 1092 2524 fiunt.
1125 2476 1228 2533 Sed,
1251 2487 1297 2522 ut
1318 2476 1485 2522 dictum
1509 2486 1587 2532 est,
1609 2474 1722 2521 nihil

337 2550 513 2601 interest
537 2549 592 2596 ad
631 2549 840 2613 baptismi
865 2550 1154 2607 sanctitatem,
1184 2559 1350 2613 quanto
1391 2548 1574 2613 quisque
1598 2549 1724 2610 pejor

386 2635 533 2679 ¹Ephes.
554 2647 585 2675 v,
607 2646 662 2676 27.
681 2654 727 2661 —
742 2634 758 2659 2
775 2647 792 2667 2
807 2638 899 2671 Retr.
919 2647 989 2681 cap.
1007 2638 1062 2672 18.
1079 2654 1125 2665 —-
1141 2634 1156 2662 3
1175 2638 1272 2670 Joan.
1289 2646 1347 2676 xx,
1368 2635 1422 2667 23.
