1894 3154
591 262 644 292 DE
680 261 942 301 TssixirA‘rE,
981 264 1069 294 Lm.
1114 266 1185 295 xv.
1531 253 1592 299 85

217 327 294 381 eis,
318 325 394 387 qui
415 341 494 387 per
521 340 620 369 eum
651 325 841 386 diligunt
870 330 1030 372 Deum.
1062 326 1147 372 Sed
1174 328 1302 373 nimis
1326 329 1506 390 longum
1530 344 1593 378 est

218 405 376 440 cuncta
393 393 605 452 colligere.
634 395 690 439 Et
712 396 819 458 quid
849 397 906 441 eis
934 397 1036 441 satis
1065 407 1150 454 est,
1180 398 1341 460 quibus
1366 399 1465 445 haec
1493 418 1593 462 quae

219 465 404 509 diximus
426 464 526 508 satis
544 481 631 508 non
650 469 777 511 sunt?

282 533 444 578 XXXV
449 534 483 577 1.
523 533 633 578 Sane
663 534 928 581 admonendi
965 545 1089 591 sunt,
1121 535 1480 599 quandoquidem
1510 540 1598 584 Do-

217 618 322 648 num
345 602 424 647 Dei
444 606 535 661 jam
554 603 705 648 vident
728 604 896 649 dictum
928 605 1142 667 Spiritum
1171 615 1392 661 sanctum,
1425 617 1473 651 ut
1497 625 1598 653 cum

221 672 407 717 audiunt
431 693 451 713 (ι
472 674 651 718 Donum
671 673 861 736 Spiritus
888 675 1048 729 sancti,
1073 695 1094 715 ³>
1123 673 1234 719 illud
1258 692 1389 734 genus
1418 675 1603 723 locutio-

219 743 285 786 nis
313 753 547 802 agnoscant
561 779 572 797 ,
593 743 714 805 quod
741 743 909 788 dictum
928 754 1014 799 est,
1031 765 1051 784 «
1070 745 1121 788 In
1140 743 1424 806 expoliatione
1443 762 1600 809 corpo-

220 832 241 853 »
266 811 322 856 ris
352 811 495 856 carnis
510 810 542 857 1.
574 833 594 852 >2
621 812 744 857 Sicut
768 813 880 858 enim
908 830 1066 875 corpus
1090 813 1232 858 carnis
1258 813 1370 858 nihil
1398 825 1459 859 est
1484 814 1604 861 aliud

220 896 351 942 quam
385 896 514 925 caro:
555 881 614 925 sic
646 883 820 926 Donum
852 882 1040 943 Spiritus
1073 882 1211 926 sancti
1238 881 1351 926 nihil
1385 893 1447 927 est
1484 883 1605 930 aliud

221 966 354 1012 quam
376 949 564 1011 Spiritus
586 960 773 995 sanctus.
807 951 857 994 In
878 960 1049 994 tantum
1075 966 1174 1009 ergo
1198 951 1373 994 Donum
1403 951 1483 995 Dei
1512 962 1601 1007 est,

220 1019 266 1063 in
291 1028 503 1080 quantum
524 1018 654 1064 datur
674 1019 732 1063 eis
756 1020 916 1081 quibus
935 1019 1077 1065 datur.
1107 1019 1235 1081 Apud
1259 1035 1300 1063 se
1320 1029 1461 1065 autem
1485 1024 1606 1066 Deus

221 1099 282 1133 θεῖ
297 1125 307 1143 ,
338 1088 416 1132 etsi
434 1088 598 1132 nemini
622 1087 766 1144 detur,
788 1089 890 1150 quia
913 1089 1030 1134 Deus
1047 1099 1138 1134 erat
1157 1088 1277 1133 Patri
1295 1099 1336 1133 et
1354 1088 1464 1134 Filio
1482 1107 1600 1136 coae-

221 1167 369 1202 ternus
400 1167 628 1219 antequam
672 1158 878 1219 cuiquam
896 1158 1086 1204 daretur.
1121 1159 1210 1203 Nec
1243 1158 1346 1220 quia
1377 1158 1442 1203 issi
1474 1159 1598 1216 dant,

222 1227 315 1288 ipse
335 1225 479 1281 datur,
503 1225 601 1270 ideo
624 1226 767 1271 minor
787 1227 968 1289 estvillis.
1000 1229 1067 1272 Ita
1090 1229 1204 1272 enim
1229 1226 1358 1272 datur
1383 1229 1495 1273 sicut
1517 1230 1605 1275 Do-

224 1312 327 1340 num
352 1296 460 1349 Dei,
495 1306 543 1339 ut
566 1296 693 1340 etiam
719 1313 761 1340 se
788 1296 931 1358 ipsum
965 1296 1037 1341 det
1060 1297 1172 1342 sicut
1200 1297 1330 1342 Deus.
1370 1298 1469 1342 Non
1490 1299 1608 1344 enim

225 1365 312 1410 dici
336 1376 479 1428 potest
502 1382 588 1409 non
608 1382 694 1410 esse
720 1382 808 1410 suae
831 1367 1054 1428 potestatis
1070 1403 1080 1421 ‚
1107 1366 1160 1412 de
1189 1383 1275 1428 quo
1311 1366 1479 1412 dictum
1514 1379 1604 1425 est,

226 1457 247 1476 «
271 1436 456 1498 Spiritus
470 1436 548 1480 ubi
562 1435 654 1480 vult
667 1436 848 1498 spirat2.
870 1457 891 1477 n
909 1436 1098 1499 Etapud
1111 1436 1366 1499 Apostolum
1385 1438 1606 1500 quodjam

228 1522 358 1567 supra
378 1506 738 1561 commemoravi,
761 1527 781 1546 «
803 1505 964 1550 Omnia
986 1506 1085 1550 haec
1109 1516 1314 1568 operatur
1338 1522 1449 1551 unus
1476 1518 1606 1570 atque

229 1595 250 1615 ))
268 1574 382 1619 idem
398 1575 605 1637 SpiritUS‚
624 1574 822 1619 dividens
837 1575 1018 1637 propria
1034 1575 1270 1636 unicuique
1286 1586 1418 1637 prout
1434 1577 1530 1621 vult
1544 1578 1575 1623 ³.
1586 1599 1608 1618 »

231 1643 331 1687 Non
346 1642 435 1687 illic
453 1654 514 1687 θεῖ
533 1642 725 1687 conditio
746 1643 838 1687 dati
855 1653 895 1688 et
912 1643 1152 1688 dominatio
1170 1643 1369 1688 dantium
1381 1680 1392 1699 ,
1414 1645 1487 1689 sed
1505 1662 1607 1690 con-

232 1711 381 1756 cordia
407 1711 498 1756 dati
520 1723 561 1756 et
581 1711 794 1758 dantium.

298 1781 523 1827 XXXVII.
551 1781 833 1843 Quapropter
861 1781 893 1825 si
913 1791 1059 1826 sancta
1088 1781 1316 1844 Scriptura
1329 1783 1572 1845 proclamat
1595 1803 1606 1829 z

237 1871 257 1890 «
278 1851 394 1895 Deus
415 1850 606 1895 charitas
618 1863 679 1895 est
691 1850 732 1904 *43
750 1872 768 1892 >2
782 1850 941 1913 illaque
951 1867 998 1894 ex
1012 1852 1103 1895 Deo
1120 1862 1197 1906 θεῖ,
1213 1853 1310 1897 etin
1320 1853 1447 1898 nobis
1461 1853 1508 1898 id
1524 1855 1610 1913 agit

236 1930 284 1964 ut
306 1920 352 1964 in
377 1923 469 1964 Deo
492 1936 759 1974 maneamus,
787 1930 829 1964 et
851 1920 1006 1982 ipsein
1023 1920 1166 1975 nobis,
1195 1932 1236 1965 et
1273 1921 1360 1967 hoc
1382 1922 1483 1967 inde
1501 1940 1608 1983 cog-

235 1988 470 2044 noscimus,
501 1989 604 2051 quia
625 1988 678 2034 de
707 1989 874 2051 Spiritu
892 2005 968 2033 suo
992 1988 1114 2034 dedit
1130 1990 1274 2046 nobis,
1302 1991 1395 2053 ipse
1421 1992 1610 2054 Spiritus

237 2069 299 2104 θεῖ
315 2060 430 2103 Deus
452 2059 656 2104 charitas
692 2058 858 2103 Deinde
878 2059 912 2103 si
931 2058 977 2102 in
1003 2058 1127 2103 donis
1149 2060 1229 2104 Dei
1261 2060 1374 2105 nihil
1390 2064 1530 2120 majus
1549 2072 1613 2107 est

238 2127 470 2183 charitate,
496 2138 538 2172 et
558 2127 727 2173 nullum
746 2138 806 2172 est
830 2131 968 2187 majus
986 2127 1151 2172 donum
1173 2128 1254 2172 Dei
1273 2145 1406 2190 quam
1425 2130 1614 2192 Spiritus

240 2208 436 2252 sanctus,
481 2197 589 2260 quid
614 2198 943 2260 consequentius
966 2214 1098 2260 quam
1121 2207 1169 2242 ut
1196 2198 1288 2259 ipse
1318 2199 1371 2243 sit
1401 2199 1608 2257 charitas,

241 2268 319 2331 qui
340 2267 502 2313 dicitur
521 2278 563 2312 et
593 2269 708 2312 Deus
729 2278 771 2312 et
794 2285 840 2312 ex
860 2268 980 2312 Deo?
1000 2268 1057 2311 Et
1080 2266 1114 2310 si
1139 2265 1328 2311 charitas
1364 2283 1451 2329 qua
1483 2270 1613 2315 Pater

242 2338 385 2397 diligit
405 2337 560 2382 Filium
587 2348 628 2382 et
657 2337 830 2382 Patrem
851 2336 992 2395 diligit
1015 2335 1167 2392 Filius,
1189 2335 1463 2382 ineffabiliter
1488 2355 1614 2384 com-

244 2407 494 2452 munionem
535 2406 800 2452 demonstrat
844 2406 1073 2451 amborum
1090 2441 1102 2461 ,
1144 2404 1252 2468 quid
1294 2407 1619 2454 convenientius

293 2502 303 2524 ¹
324 2503 444 2534 Coloss.
465 2513 501 2541 11,
523 2514 577 2533 rx·
601 2520 646 2526 —
664 2501 679 2523 ²
698 2505 795 2535 Joan.
815 2513 872 2545 ιιι,
902 2503 935 2534 8,
960 2518 1004 2524 ——
1031 2498 1046 2523 3
1073 2512 1085 2531 1
1115 2503 1187 2533 Cor.
1214 2511 1277 2542 xu,
1298 2512 1353 2536 11.
1372 2520 1416 2525 —
1438 2500 1451 2524 ⁴
1479 2514 1493 2534 1
1516 2506 1614 2535 Joan.

248 2566 281 2585 ιν
298 2577 306 2593 ,
337 2566 386 2585 ιο.
