1894 3154
287 242 290 243 ⁷
323 244 405 290 108
734 260 768 291 s.
811 259 1055 290 AUGUSTINI
1093 260 1296 290 EpisCOPl

313 325 368 369 Et
391 324 555 370 crimen
580 324 698 387 quod
715 325 1041 378 commiserunt,
1063 325 1106 370 in
1130 325 1232 370 alios
1252 326 1406 371 volunt
1426 325 1654 370 transferre
1673 343 1683 370 ι

312 395 402 457 Ipsi
421 394 694 441 tradiderunt
710 395 845 440 libros
861 433 872 451 ,
895 407 936 440 et
958 413 1035 440 nos
1061 395 1224 441 audent
1242 413 1448 441 accusare
1464 433 1474 451 ‚

312 466 370 510 Ut
387 469 511 528 pejus
530 466 804 510 committant
829 466 967 511 scelus
983 503 993 520 ,
1018 483 1149 528 quam
1170 466 1480 512 commiserunt
1506 477 1547 510 et
1570 475 1680 512 ante.

314 535 477 592 Quod1
502 546 676 598 possent
703 553 873 581 causam
903 536 1116 581 librorum
1132 573 1142 591 ,
1169 553 1369 581 excusare
1388 536 1440 581 de
1462 536 1628 582 timore.

313 605 445 662 Quod
461 607 614 651 Petrus
632 605 855 651 Christum
873 606 1083 665 negavit2,
1101 606 1208 651 dum
1221 616 1450 651 terreretur
1461 606 1514 651 de
1530 615 1684 650 morte:

315 675 449 721 Modo
468 692 555 738 quo
573 686 704 738 pacto
721 676 990 721 excusabunt
1007 676 1171 721 factum
1200 675 1333 720 altare
1353 687 1504 720 contra
1529 675 1687 722 altares?

312 746 367 789 Et
390 762 498 807 pace
519 745 685 790 Christi
707 746 918 790 conscissa
944 763 1063 807 spem
1087 757 1262 808 ponunt
1279 747 1323 791 in
1348 746 1523 791 homine
1541 749 1560 791 i)

309 815 440 872 Quod
464 815 702 878 persecutio
723 832 812 860 non
830 815 930 861 fecit
946 852 956 871 ‚
983 817 1067 878 ipsi
1085 816 1281 861 fecerunt
1297 816 1342 860 in
1359 833 1484 879 pace.

439 929 599 987 Bepec.
635 925 796 970 Omnes
823 926 899 988 qui
924 925 1119 985 gaudetis
1137 962 1148 981 ‚
1177 937 1260 971 etc.

315 1037 490 1083 Cusros
503 1048 662 1093 noster,
686 1039 800 1082 Deus
821 1055 992 1097 magne,
1009 1049 1057 1083 tu
1081 1055 1157 1083 nos
1175 1048 1299 1100 potes
1319 1037 1519 1084 liberare.

315 1109 351 1153 A
376 1107 933 1170 pseudo—prophetis‘istis‚
955 1109 1032 1170 qui
1055 1125 1131 1153 nos
1150 1119 1357 1172 quaerunt
1380 1107 1618 1153 devorare?

316 1177 598 1223 Maledictum
619 1195 694 1223 cor
717 1178 920 1240 lupinum
942 1189 1177 1238 contegunt
1205 1179 1331 1223 ovina
1356 1178 1496 1241 pelle:

315 1248 404 1304 Qui
419 1248 437 1276 3
458 1259 672 1294 noverunt
691 1249 938 1311 Scripturas
951 1285 962 1303 ,
989 1249 1070 1294 hos
1087 1249 1225 1294 solent
1245 1250 1572 1295 circumvenire.

315 1318 513 1365 Audiunt
547 1319 660 1364 enim
697 1319 926 1365 traditores
945 1357 955 1375 ,
995 1331 1038 1365 et
1073 1321 1272 1365 nesciunt
1297 1319 1416 1382 quod
1448 1330 1611 1379 gestum
1632 1331 1694 1365 est

380 1399 492 1435 ante.

315 1458 488 1515 Quibus
513 1460 547 1504 si
567 1459 712 1505 dicam
727 1497 738 1516 ,
761 1460 947 1523 probate
962 1497 973 1515 ,
994 1478 1082 1505 non
1100 1460 1267 1506 habent
1283 1459 1391 1523 quid
1414 1458 1687 1521 respondere.

314 1529 412 1574 Suis
438 1546 480 1574 se
503 1528 657 1574 dicunt
679 1530 938 1583 credidisse3
969 1530 1069 1576 dico
1090 1548 1167 1590 ego
1188 1530 1390 1575 mentitos
1413 1545 1498 1574 esse
1518 1548 1528 1573 ε

315 1599 430 1655 Quia
453 1609 495 1644 et
519 1617 596 1644 nos
616 1600 833 1645 credimus
852 1601 1009 1645 nostris
1024 1637 1034 1656 ‚
1057 1601 1133 1663 qui
1149 1617 1218 1645 eos
1236 1599 1392 1645 dicunt
1415 1598 1656 1645 tradidisse.

314 1669 388 1714 Vis
410 1686 531 1714 nosse
552 1670 629 1732 qui
653 1669 802 1715 dicant
822 1669 1010 1716 falsum?
1029 1670 1106 1733 qui
1133 1687 1221 1715 non
1243 1680 1343 1715 sunt
1365 1669 1411 1714 in
1432 1669 1612 1716 unitate.

316 1738 434 1784 Olim
454 1743 547 1798 jam
568 1756 696 1785 causa
716 1740 840 1785 finita
860 1750 945 1796 est,
970 1740 1090 1803 quod
1110 1757 1182 1787 vos
1205 1757 1293 1786 non
1317 1740 1436 1787 statis
1458 1739 1503 1785 in
1524 1755 1647 1803 pace.

448 1856 608 1915 ἤθρει.
642 1852 804 1898 Omnes
823 1853 899 1917 qui
925 1853 1144 1913 gaudetis,
1172 1866 1256 1901 etc.

313 1969 554 2015 Domuum
577 1971 759 2028 majores
781 1969 943 2025 nostri,
973 1981 1014 2015 et
1037 1969 1171 2016 libros
1189 1970 1410 2029 fecerunt,
1436 1973 1560 2030 inde,

316 2039 404 2096 Qui
430 2048 535 2084 tunc
561 2055 733 2084 causam
758 2051 1077 2099 cognoverunt,
1099 2041 1219 2105 quod
1241 2059 1388 2088 recens
1406 2055 1579 2106 possent
1597 2062 1698 2109 pro-

379 2109 497 2155 bare.

313 2180 448 2224 Erant
471 2178 653 2242 quidam
670 2179 898 2226 traditores
922 2181 1138 2227 librorum
1157 2182 1210 2228 de
1230 2194 1377 2229 sancta
1398 2184 1490 2244 lege
1507 2223 1517 2241 ‚

317 2248 527 2310 Episcopi
550 2247 603 2293 de
627 2249 851 2303 Numidia,
879 2261 921 2296 et
940 2268 1029 2296 non
1049 2252 1235 2314 quilibet
1262 2253 1315 2298 de
1332 2254 1462 2316 plebe
1486 2273 1497 2300 ε

314 2316 429 2362 Cum
450 2316 759 2376 Carthaginem
779 2320 993 2366 venissent
1015 2323 1274 2384 episcopum
1300 2323 1499 2369 ordinare
1514 2362 1525 2381 ,

313 2386 580 2432 Invenerunt
600 2387 886 2436 Caecilianum
904 2394 995 2450 jam
1016 2391 1266 2437 ordinatum
1286 2393 1331 2437 in
1360 2410 1435 2439 sua
1459 2394 1557 2440 sede
1580 2413 1590 2440 ε

312 2456 421 2502 Irati
446 2467 545 2502 sunt
564 2457 667 2519 quia
685 2458 770 2521 ipsi
787 2477 875 2505 non
895 2472 1132 2524 potuerunt
1158 2461 1371 2510 ordinare.

360 2551 371 2573 ¹
390 2553 486 2584 Forte
503 2562 585 2584 cum.
603 2568 648 2575 —
661 2550 677 2574 ²
697 2551 815 2588 Matth.
832 2566 921 2599 xxvi,
941 2568 992 2596 70.
1014 2576 1051 2582 —
1069 2555 1084 2580 3
1102 2559 1220 2589 Deesse
1233 2557 1368 2589 videtur
1384 2559 1528 2604 aegeum,
1544 2570 1622 2595 non.
