1894 3154
573 300 628 329 DE
663 298 917 340 TRINITATE‚
956 300 1042 331 Lm.
1085 301 1154 330 xv.
1501 307 1560 352 99

186 384 275 412 non
299 365 504 412 audemus
527 363 792 423 ingenitum3
836 381 889 409 ne
913 364 956 409 in
988 365 1074 410 hoc
1106 365 1323 412 vocabulo
1350 369 1417 414 vel
1454 368 1562 415 duos

184 435 388 481 Patresin
402 434 474 480 illa
489 434 719 488 Trinitate,
744 434 811 479 vel
829 434 938 479 duos
957 436 1032 498 qui
1059 453 1146 481 non
1169 447 1268 482 sunt
1285 437 1338 483 de
1356 438 1438 483 alio
1450 440 1565 502 quis-

185 508 303 569 piam
323 506 580 568 suspicetur.
612 505 741 549 Pater
761 504 875 549 enim
912 505 1025 550 solus
1061 524 1148 551 non
1171 517 1232 552 est
1257 507 1310 552 de
1332 508 1430 564 alio,
1469 509 1566 554 ideo

185 575 299 620 solus
309 575 555 637 appellatur
566 574 797 640 ingenitus,
811 592 897 619 non
910 575 1085 638 quidem
1101 577 1145 621 in
1160 578 1414 640 Scripturis,
1429 579 1502 624 sed
1520 579 1565 623 in

187 645 497 690 consuetudine
513 644 848 707 disputantium,
863 656 903 690 et
921 645 973 690 de
988 664 1030 691 re
1051 657 1167 692 tanta
1191 665 1426 693 sermonem
1462 665 1567 712 qua-

185 714 271 760 lem
295 714 506 760 valuerint
527 714 854 778 proferentium.
885 716 1016 762 Filius
1040 728 1181 763 autem
1207 719 1260 763 de
1291 721 1418 764 Patre
1439 731 1564 765 natus

186 795 249 829 est
265 802 277 829 :
293 795 335 830 et
356 785 545 848 Spiritus
565 795 737 830 sanctus
754 785 807 830 de
828 787 955 832 Patre
971 787 1290 850 principaliter,
1307 800 1349 834 et
1360 791 1455 852 ipso
1476 790 1566 835 sine

188 854 277 900 ullo
300 855 507 918 temporis
527 855 754 901 intervallo
791 855 939 912 dante,
981 859 1272 903 communiter
1300 859 1353 904 de
1384 871 1568 922 utroque

186 924 401 987 procedit.
432 925 657 970 Diceretur
682 936 825 970 autem
844 927 979 972 Filius
1004 929 1144 972 Patris
1161 939 1202 973 et
1226 929 1340 984 Filii,
1371 930 1422 983 si,
1452 929 1573 992 quod

188 994 395 1039 abhorret
415 995 469 1039 ab
493 995 691 1039 omnium
721 1012 923 1040 sanorum
965 997 1176 1051 sensibus,
1205 1015 1303 1044 eum
1339 999 1468 1044 ambo
1498 1016 1574 1058 ge-

185 1064 389 1110 nuissent.
422 1065 520 1108 Non
547 1063 678 1123 igitur
701 1065 756 1110 ab
781 1076 967 1129 utroque
986 1077 1047 1112 est
1065 1068 1249 1126 genitus,
1277 1068 1349 1114 sed
1370 1069 1573 1132 procedit

191 1134 249 1179 ab
265 1145 454 1198 utroque
481 1134 713 1179 amborum
741 1135 944 1198 Spiritus.

252 1206 455 1251 XLVIII.
489 1204 645 1249 Verum
671 1205 771 1267 quia
795 1206 839 1251 in
865 1206 937 1251 illa
989 1224 1041 1252 co
1054 1218 1231 1264 aeterna,
1275 1219 1316 1253 et
1353 1209 1510 1271 aequali
1535 1220 1574 1255 et

187 1274 454 1338 incorporali
486 1285 527 1319 et
547 1275 822 1320 ineffabiliter
847 1277 1115 1322 immutabili
1138 1289 1267 1341 atque
1290 1279 1570 1341 inseparabili

190 1344 405 1390 Trinitate
419 1344 726 1390 difficillimum
749 1356 808 1390 est
821 1347 1134 1405 generationem
1156 1365 1177 1392 a
1197 1348 1466 1410 processione
1486 1349 1570 1393 dis-

187 1416 403 1474 tinguere,
430 1414 621 1459 sufficiat
646 1415 818 1460 interim
841 1417 898 1460 eis
913 1417 989 1480 qui
1012 1417 1179 1462 extendi
1204 1435 1290 1463 non
1316 1419 1456 1463 valent
1477 1436 1573 1463 am·-

187 1483 320 1547 plius,
348 1484 394 1529 id
409 1483 534 1547 quod
551 1483 604 1528 de
622 1484 708 1529 hac
732 1502 776 1529 re
794 1486 839 1530 in
868 1486 1073 1532 Sermone
1095 1487 1287 1550 quodam
1311 1487 1572 1550 proferendo

188 1553 244 1600 ad
265 1571 385 1600 aures
414 1553 572 1617 populi
598 1554 825 1599 christiani
843 1555 1029 1601 diximus
1049 1593 1060 1611 ,
1092 1557 1359 1619 dictumque
1389 1559 1577 1603 conscri-

187 1625 355 1687 psimus
376 1624 412 1672 1.
463 1625 581 1669 Inter
621 1635 777 1670 caetera
826 1626 941 1671 enim
986 1643 1087 1671 cum
1116 1644 1196 1689 per
1246 1628 1577 1690 Scripturarum

187 1698 435 1740 sanctarum
473 1694 716 1739 testimonia
743 1695 984 1741 docuissem
1027 1696 1080 1741 de
1115 1707 1304 1760 utroque
1324 1698 1577 1761 &procedere

189 1765 401 1829 Spiritum
426 1775 625 1810 sanctum
649 1782 661 1809 ι
690 1765 735 1810 Si
765 1783 885 1825 erg0‚
910 1767 1108 1829 inquam,
1138 1778 1177 1812 et
1204 1768 1256 1812 de
1289 1772 1413 1813 Patre
1454 1780 1494 1813 et
1522 1769 1575 1814 de

191 1835 299 1881 Filio
316 1835 514 1898 procedit
533 1836 720 1898 Spiritus
740 1847 929 1892 sanctus,
951 1854 1030 1882 cur
1055 1837 1188 1882 Filius
1208 1838 1315 1884 dixit
1337 1857 1346 1883 :
1365 1861 1384 1879 «
1416 1840 1474 1884 De
1492 1844 1567 1884 Pa-

189 1912 211 1948 5>
233 1916 297 1951 tre
319 1906 551 1969 procedit?
575 1922 689 1950 »cur
705 1917 848 1969 putas,
870 1907 951 1952 nisi
974 1907 1347 1970 quemadmodum
1378 1909 1483 1954 solet
1510 1909 1565 1954 ad

188 1993 286 2022 eum
315 1974 470 2021 referre
489 1986 531 2020 et
556 1975 675 2039 quod
694 1976 829 2039 ipsius
852 1988 930 2032 est,
958 1977 1012 2022 de
1032 1994 1119 2040 quo
1136 1988 1178 2023 et
1198 1978 1289 2041 ipse
1320 1981 1414 2023 est?
1440 1979 1565 2024 [nde

191 2057 232 2092 et·
253 2046 363 2092 illud
387 2056 448 2091 est
475 2045 596 2109 quod
617 2049 674 2092 ait
709 2064 719 2091 :
751 2068 772 2088 «
794 2052 889 2093 Mea
914 2048 1115 2093 doctrina
1138 2066 1225 2093 non
1253 2059 1315 2093 est
1348 2066 1438 2093 mea
1457 2086 1467 2104 ,
1496 2049 1570 2093 sed

188 2138 210 2160 »
233 2121 325 2177 ejus
339 2117 416 2180 qui
432 2133 497 2161 me
523 2116 641 2161 misit
659 2117 691 2163 2.
720 2138 740 2158 2>
761 2118 806 2162 Si
826 2117 957 2177 igitur
983 2118 1328 2177 hicintelligitur
1353 2122 1443 2177 ejus
1463 2119 1572 2164 doc-

188 2189 320 2243 trina,
351 2204 482 2250 quam
502 2197 644 2231 tamen
662 2187 769 2233 dixit
792 2205 880 2234 non
922 2205 1040 2233 suam
1063 2225 1072 2243 ,
1105 2189 1177 2233 sed
1203 2189 1371 2241 Patris3
1404 2200 1567 2251 quanto

189 2259 323 2317 magis
344 2257 433 2302 illic
456 2256 759 2317 intelligendus
781 2270 841 2303 est
855 2269 897 2304 et
917 2258 969 2303 de
991 2259 1085 2320 ipso
1120 2258 1355 2320 procedere
1381 2260 1568 2322 Spiritus

187 2340 378 2382 sanctus,
403 2327 480 2373 ubi
504 2328 557 2373 sit
576 2324 664 2373 aitz‘
690 2350 710 2370 «
741 2330 800 2374 De
827 2331 955 2374 Patre
983 2329 1199 2392 procedit,
1233 2351 1249 2370 o
1271 2340 1317 2374 ut
1343 2347 1426 2375 non
1442 2331 1564 2376 dice-

187 2408 268 2453 ret,
290 2399 353 2442 De
378 2414 446 2441 me
459 2414 544 2441 non
562 2398 789 2459 procedit?
814 2399 847 2442 A
868 2415 956 2460 quo
971 2409 1113 2442 autem
1134 2399 1268 2443 habet
1292 2399 1423 2444 Filius
1448 2411 1494 2445 ut
1511 2401 1564 2446 sit

188 2469 322 2522 Deus,
347 2467 435 2530 (est
456 2467 570 2512 enim
594 2467 647 2513 de
672 2470 765 2514 Deo
791 2468 952 2530 Deus),
984 2468 1040 2513 ab
1063 2468 1139 2513 illo
1173 2469 1310 2514 habet
1339 2470 1486 2533 utique
1514 2482 1563 2516 ut

188 2538 242 2585 de
264 2539 340 2585 isso
360 2538 487 2584 etiam
511 2539 722 2601 procedat
742 2539 930 2602 Spiritus
949 2549 1120 2585 sanctus
1143 2557 1153 2584 ε
1183 2558 1232 2585 ac
1252 2557 1329 2603 per
1347 2540 1432 2586 hoc
1455 2542 1561 2604 Spi-

236 2622 248 2644 1
266 2625 312 2654 Ex
331 2625 481 2654 Tractatu
495 2632 552 2662 99.
577 2621 610 2652 in
629 2624 728 2654 Joan.
747 2640 792 2646 —
810 2621 825 2644 ²
842 2625 936 2656 Joan.
956 2634 1017 2661 vn,
1041 2624 1094 2656 16.

1386 2691 1429 2738 7.
