1907 3204
603 331 655 360 DE
691 330 946 371 ΤΒΙΝΙΤΑΤΕ,
987 332 1073 360 Lis.
1117 333 1209 362 xiv.
1567 322 1595 367 5

229 397 325 441 ideo
345 395 578 458 sapientem
595 395 789 458 profiteri
808 394 958 440 talium
972 395 1201 441 homiuum
1224 397 1368 442 nullus
1385 400 1574 446 audebat
1593 439 1604 453 ,

230 468 330 530 quia
346 467 433 512 sine
453 465 540 511 ullo
554 476 732 529 peccato
741 466 957 528 putabant
975 483 1061 511 esse
1073 468 1306 530 sapientem
1319 472 1336 513 ,Ὗ
1351 469 1447 515 Hoc
1464 482 1608 516 autem

228 547 371 582 nostra
397 536 622 599 Scriptura
647 554 733 581 non
762 536 896 591 dicit,
930 553 1031 599 quae
1054 537 1188 593 dicit,
1221 559 1240 579 «
1266 540 1406 598 Argue
1439 541 1606 604 sapien-

228 629 249 649 »
274 618 360 652 tem
374 643 385 661 ,
404 617 444 652 et
461 606 622 652 amabit
635 617 675 651 te
692 605 724 652 ¹.
752 627 771 647 2)
789 606 990 651 Profecto
1008 607 1120 652 enim
1135 608 1307 668 judicat
1326 609 1488 655 habere
1501 628 1609 674 pec-

227 688 375 722 catum
394 713 405 732 ,
432 693 560 739 quem
582 687 727 721 censet
745 676 1029 735 arguendum.
1058 677 1142 722 Sed
1160 695 1236 737 ego
1257 695 1335 724 nec
1353 680 1413 724 sic
1430 680 1609 743 quidem

227 746 464 809 sapientem
487 763 556 791 me
578 746 717 790 audeo
734 746 928 808 profiteri
948 763 957 790 :
983 747 1082 791 satis
1102 758 1162 792 est
1181 748 1289 793 mihi
1303 785 1312 802 ,
1341 750 1461 812 quod
1478 750 1608 796 etiam

227 816 309 879 ipsi
333 833 486 875 negare
508 833 594 860 non
613 827 794 878 possunt
813 853 823 871 ,
851 833 937 861 esse
964 817 1091 861 etiam
1124 817 1412 880 Philosophi,
1443 819 1489 864 id
1512 831 1604 874 est,

229 885 432 930 amatoris
453 885 698 947 sapientiae,
721 885 774 930 de
787 885 996 948 sapientia
1013 886 1246 949 disputare.
1274 889 1371 933 'non
1385 890 1498 934 enim
1521 890 1609 934 hoc

228 955 292 1001 illi
314 955 451 1001 facere
476 955 753 1009 destiterunt,
787 956 862 1017 qui
894 972 936 1000 se
966 967 1174 1001 amatores
1206 957 1428 1019 sapientiae
1460 959 1609 1021 potius

228 1043 361 1089 quam
384 1027 594 1088 sapientes
621 1042 706 1070 esse
729 1025 910 1087 professi
936 1036 1049 1072 sunt.

293 1096 376 1142 ΙΙΙ.
413 1095 692 1158 Disputantes
717 1106 858 1141 autem
891 1094 944 1140 de
967 1096 1176 1158 sapientia
1192 1133 1202 1147 ,
1233 1096 1494 1142 definierunt
1515 1115 1610 1143 eam

229 1165 418 1210 dicentes
435 1202 445 1220 ,
471 1164 691 1227 Sapientia
715 1175 778 1209 est
793 1181 935 1210 rerum
962 1165 1252 1211 humanarum
1275 1166 1610 1232 divinarumque

230 1235 419 1281 scientia.
458 1234 583 1280 Unde
620 1251 696 1294 ego
719 1252 892 1298 quoque
927 1235 971 1280 in
994 1235 1109 1281 libro
1138 1238 1356 1299 superiore
1385 1249 1608 1287 utrarum-

228 1322 313 1369 que
332 1322 473 1350 rerum
489 1305 777 1364 cognitionem
794 1342 804 1360 ,
823 1305 867 1350 id
884 1317 962 1361 est,
983 1306 1230 1352 divinarum
1251 1319 1378 1370 atque
1397 1309 1611 1355 humana-

228 1392 354 1432 rum,
389 1385 430 1421 et
463 1376 717 1438 sapientiam
752 1386 794 1420 et
825 1376 1048 1420 scientiam
1082 1376 1170 1422 dici
1206 1395 1328 1440 posse
1353 1396 1440 1424 non
1470 1379 1602 1425 tacui.

229 1446 390 1492 Verum
408 1445 646 1492 secundum
661 1446 776 1491 hanc
790 1446 1109 1492 distinctionem
1126 1464 1214 1511 qua
1228 1448 1334 1494 dixit
1352 1450 1583 1512 Apostolus
1594 1487 1606 1507 ,

230 1539 250 1559 «
278 1516 361 1562 Alii
391 1517 520 1562 datur
539 1533 676 1561 sermo
696 1517 916 1579 sapientiae
934 1554 944 1573 ,
970 1517 1042 1563 alii
1061 1535 1198 1563 sermo
1221 1519 1409 1565 scientiae
1425 1520 1442 1548 3
1456 1557 1466 1575 ,
1489 1542 1510 1562 »
1529 1521 1611 1566 ista

229 1586 424 1632 definitio
447 1586 680 1632 dividenda
703 1597 788 1633 est.
815 1597 863 1631 ut
885 1604 1026 1632 rerum
1041 1587 1287 1633 divinarum
1303 1589 1479 1640 scientia
1500 1607 1611 1653 pro-

229 1659 322 1721 prie
357 1657 565 1719 sapientia
594 1667 897 1719 nuncupetur,
930 1657 1224 1702 humanarum
1259 1669 1399 1703 autem
1430 1660 1612 1722 proprie

230 1727 420 1773 scientiae
444 1744 603 1771 nomen
622 1726 816 1771 obtineat
835 1744 845 1771 :
870 1727 923 1772 de
946 1744 1032 1789 qua
1050 1727 1270 1773 volumine
1290 1728 1415 1773 tertio
1439 1728 1610 1774 decimo

231 1797 475 1860 disputavi,
505 1813 592 1842 non
626 1796 774 1859 utique
803 1796 1021 1859 quidquid
1048 1797 1146 1841 sciri
1183 1797 1238 1841 ab
1263 1797 1440 1842 homine
1467 1809 1611 1860 potest

229 1869 276 1914 in
296 1869 424 1913 rebus
441 1867 646 1912 humanis
662 1904 673 1922 ,
700 1867 778 1912 ubi
798 1867 1038 1929 plurimum
1057 1884 1391 1930 supervacaneae
1411 1869 1612 1914 vanitatis

231 1949 272 1983 et
296 1937 434 1983 noxiae
452 1936 713 1982 curiositatis
731 1947 818 1993 est,
838 1937 944 1982 huic
963 1937 1151 1982 scientiae
1172 1937 1365 1983 tribuens
1379 1975 1390 1994 ,
1412 1938 1485 1983 sed
1501 1938 1614 1984 illud

232 2006 535 2054 tantummodo
562 2023 649 2069 quo
673 2005 780 2051 fides
800 2006 1084 2052 saluberrima
1099 2044 1110 2062 ,
1131 2024 1231 2070 quae
1257 2007 1311 2053 ad
1333 2025 1480 2053 veram
1504 2008 1613 2054 bea-

235 2077 463 2123 titudinem
482 2076 629 2131 ducit,
654 2075 862 2135 gignitur,
891 2076 1101 2132 nutritur,
1125 2076 1391 2133 defenditur,
1427 2078 1614 2124 robora-

235 2159 333 2193 tur:
363 2164 450 2209 qua
478 2145 657 2191 scientia
691 2162 779 2190 non
805 2145 974 2208 pollent
1005 2146 1150 2191 fideles
1180 2147 1385 2210 plurimi,
1416 2148 1615 2210 quamvis

233 2217 427 2282 polleant
456 2218 549 2280 ipsa
581 2214 669 2261 fide
694 2214 949 2278 plurimum.
980 2215 1110 2262 Aliud
1144 2226 1206 2260 est
1237 2217 1352 2261 enim
1384 2216 1491 2262 scire
1514 2227 1613 2262 tan—

235 2286 463 2333 tummodo
493 2285 601 2350 quid
628 2285 764 2331 homo
788 2285 960 2331 credere
989 2286 1144 2331 debeat
1165 2297 1348 2349 propter
1372 2286 1615 2350 adipiscen-

236 2358 336 2403 dam
356 2357 488 2403 vitam
505 2356 678 2401 beatam
697 2393 708 2412 ,
732 2373 832 2420 quae
845 2373 934 2402 non
950 2356 1032 2401 nisi
1051 2367 1209 2401 aeterna
1223 2367 1309 2401 est:
1333 2356 1451 2402 aliud
1471 2368 1613 2404 autem

234 2429 342 2474 scire
376 2426 750 2490 quemadmodum
780 2426 868 2472 hoc
901 2427 1045 2489 ipsum
1084 2437 1126 2472 et
1158 2427 1242 2489 piis
1273 2426 1540 2489 opituletur,
1575 2440 1617 2475 et

235 2508 383 2543 contra
404 2496 562 2559 impios
584 2495 861 2551 defendatur,
881 2512 1012 2559 quam
1032 2497 1214 2560 proprio
1238 2497 1458 2559 appellare
1479 2515 1615 2545 voca-

235 2567 342 2613 bulo
367 2566 590 2612 scientiam
619 2566 792 2612 videtur
812 2565 1056 2628 Apostolus.
1085 2567 1150 2613 De
1170 2583 1255 2630 qua
1275 2567 1400 2629 prius
1427 2585 1530 2614 cum
1549 2568 1616 2614 lo-

285 2651 408 2681 1Ρτον.
424 2650 521 2686 1x‚8.
536 2666 581 2672 -
600 2647 615 2670 “2
639 2659 651 2678 1
670 2651 745 2681 Cor.
763 2659 823 2686 xu,
843 2651 873 2680 8.
