1894 3154
348 265 522 296 CONTRA
555 263 803 296 EPISTOLAM
838 261 1136 303 PARMENIANI,
1173 263 1261 294 LIB.
1304 264 1355 294 ΙΙ.
1469 250 1553 311 147

186 329 338 376 dixerit
368 332 478 376 Deus
500 348 510 375 ε
539 330 636 394 quis
660 340 723 376 est
737 329 809 375 ille
828 328 904 392 qui
926 327 1050 386 dicit,
1075 328 1175 374 Scio
1200 328 1322 398 quod
1347 346 1436 376 non
1456 346 1557 376 vera

185 400 334 446 dixerit
352 402 495 446 Deus?

248 472 298 518 V.
319 473 443 518 Certe
473 472 662 517 arbitror
684 471 803 536 quod
821 471 1035 517 neminem
1057 471 1238 516 istorum
1259 469 1473 516 offendere
1487 471 1558 516 de-

182 540 284 596 beo,
322 542 356 586 si
385 543 557 587 Donato
583 542 721 586 Deum
744 558 1037 604 praeposuero.
1082 541 1419 597 Quantumlibet
1443 541 1557 585 enim

183 621 327 656 ament
342 614 579 667 Donatum,
602 611 702 674 plus
724 612 877 656 timent
898 613 1053 657 Deum.
1075 613 1299 656 Postremo
1319 621 1555 673 quantum-

180 678 290 725 libet
308 680 390 744 ipsi
415 692 559 727 ament
577 683 815 736 Donatum,
842 698 918 726 nos
946 680 1145 726 novimus
1165 681 1268 743 quia
1295 681 1409 726 solus
1440 683 1558 726 Deus

181 767 306 796 verax
317 763 392 808 est,
412 753 549 797 omnis
568 763 709 797 autem
726 752 858 797 homo
872 752 1054 797 mendax
1068 751 1102 797 1.
1115 773 1134 793 α
1149 752 1349 798 Christus
1364 769 1462 811 ergo
1482 751 1559 814 qui

182 842 202 861 ›>
221 838 349 884 super
364 822 507 868 omnia
520 824 634 868 Deus
653 833 713 867 est
731 823 986 868 benedictus
1010 822 1055 867 iu
1066 821 1224 867 saecula
1242 822 1278 877 Ξ,
1296 843 1315 863 ›>
1338 833 1379 866 et
1393 822 1468 884 qui
1486 838 1555 866 ve-

180 890 342 936 rissime
359 892 412 937 de
429 893 575 955 seipso
595 892 702 938 dixit
723 910 734 936 t
757 913 777 933 «
798 893 887 951 Ego
908 909 1002 937 sum
1021 891 1108 946 via,
1126 891 1283 936 veritas
1303 902 1345 954 et
1368 891 1486 935 vita³
1509 908 1556 934 t»

179 976 279 1005 cum
302 962 412 1007 servi
431 966 521 1021 ejus
548 962 604 1006 ab
641 965 690 1006 eo
717 973 978 1025 quaererent,
1004 972 1151 1005 utrum
1175 959 1303 1005 xellet
1334 977 1404 1005 eos
1427 961 1490 1004 iie
1515 970 1557 1004 et

179 1031 378 1091 colligere
400 1033 592 1077 zizania:
611 1054 631 1072 «
650 1032 805 1087 Sinite,
827 1032 986 1094 inquit,
1009 1042 1194 1108 utraque
1213 1047 1401 1076 crescere
1418 1046 1556 1092 usque

180 1100 230 1145 ad
247 1101 476 1146 messem4:
496 1103 687 1147 Donatus
703 1113 844 1146 autem
860 1101 969 1146 dicit
982 1101 1128 1146 zizani¹
1122 1100 1332 1177 ((1ι1ἰεῖθηι
1353 1100 1551 1154 crevisse,

176 1169 396 1217 frumenta
433 1189 536 1217 vero
560 1189 644 1217 esse
676 1171 893 1217 diminuta
923 1188 933 1215 ε
961 1171 1121 1230 eligant
1155 1171 1188 1214 is
1195 1171 1222 1214 ti
1253 1170 1325 1214 cui
1354 1169 1547 1214 credant.

179 1240 397 1298 Christus,
424 1242 551 1298 idest,
574 1242 756 1295 Veritas,
790 1241 924 1286 dicit:
944 1262 964 1281 «
993 1249 1020 1286 A
1032 1258 1103 1300 ger
1123 1240 1270 1285 esthic
1291 1239 1506 1285 mundus:
1532 1260 1552 1281 »

177 1311 372 1357 Donatus
407 1323 549 1357 autem
587 1312 695 1357 dicit
726 1329 875 1371 agrum
908 1312 989 1356 Dei
1012 1312 1058 1356 in
1089 1311 1177 1355 sola
1210 1310 1353 1355 Africa
1375 1327 1550 1355 reman-

175 1381 272 1427 sisse
291 1399 302 1426 ι
322 1382 481 1442 eligant
498 1383 570 1428 cui
586 1382 776 1428 credant.
802 1381 1020 1437 Christus,
1042 1380 1089 1426 id
1107 1391 1184 1433 est,
1207 1380 1389 1435 Veritas,
1415 1379 1545 1425 dicit:

175 1473 195 1493 c<
222 1452 273 1496 In
292 1463 488 1515 tempore
506 1453 650 1498 messis
667 1452 810 1497 dicam
824 1451 1082 1496 messoribus
1106 1468 1115 1495 :
1145 1449 1344 1509 Colligite
1354 1450 1549 1512 primum

174 1542 193 1563 ›>
216 1521 403 1567 zizania:
427 1545 446 1563 ›>
473 1533 513 1567 et
530 1522 705 1584 exponit
720 1521 865 1566 dicens
890 1539 901 1565 z
929 1542 948 1561 κ
967 1521 1112 1566 Messis
1135 1531 1197 1565 est
1209 1520 1305 1564 finis
1324 1519 1500 1564 saeculi:
1525 1540 1546 1561 2)

174 1595 372 1637 Donatus
386 1602 526 1637 autem
542 1592 649 1637 dicit
662 1608 740 1654 per
753 1591 1052 1654 praecisionem
1070 1589 1206 1652 partis
1219 1606 1308 1634 suae
1327 1600 1422 1633 ante
1438 1606 1546 1634 mes-

173 1678 259 1706 sem
287 1680 310 1707 a
348 1661 573 1708 frumentis
605 1662 767 1706 zizania
803 1660 990 1724 separari
1009 1678 1019 1704 :
1054 1660 1212 1719 eligant
1237 1659 1308 1704 cui
1343 1659 1537 1705 credant.

173 1731 393 1788 Christus,
417 1732 553 1789 idest,
574 1732 756 1787 Veritas,
779 1731 910 1777 dicit:
936 1752 956 1772 ε(
978 1732 1185 1775 Messores
1209 1740 1308 1775 sunt
1329 1729 1496 1788 Angeli.
1520 1733 1542 1769 ‘»

172 1801 368 1847 Donatus
407 1814 548 1848 autem
583 1802 691 1848 dicit
714 1819 754 1847 se
784 1812 912 1865 atque
936 1800 1118 1860 collegas
1150 1817 1247 1845 suos
1271 1800 1358 1844 hoc
1395 1798 1543 1843 fecisse

171 1883 268 1917 ante
294 1890 489 1928 messem,
517 1872 636 1935 quod
653 1872 723 1917 ille
747 1872 853 1917 dixit
875 1870 1059 1930 Angelos
1081 1871 1126 1915 in
1150 1887 1279 1915 messe
1309 1869 1500 1915 facturos
1525 1886 1536 1912 :

169 1941 328 2002 eligant
349 1943 421 1988 cui
435 1943 626 1990 credant.
655 1944 780 1988 Certe
803 1941 1072 1987 Christianos
1109 1958 1150 1985 se
1170 1940 1340 1995 dicunt,
1382 1939 1539 1984 Chris—

170 2022 261 2058 tum
281 2013 339 2058 eis
354 2015 660 2077 Donatumque
673 2013 960 2076 proponimus
983 2030 992 2056 :
1020 2012 1053 2056 si
1071 2011 1203 2056 verba
1220 2011 1326 2055 dant
1341 2010 1535 2065 Christo,

168 2098 242 2127 cor
269 2093 409 2128 autem
436 2085 627 2139 Donato,
645 2084 721 2147 qui
744 2085 828 2128 sint
846 2082 1130 2128 considerent.
1163 2083 1253 2140 Ego
1272 2098 1424 2144 parco,
1451 2097 1539 2125 non

166 2151 366 2209 invehor,
401 2171 490 2199 non
510 2172 743 2214 exaggero:
772 2154 970 2199 dolorem
996 2169 1140 2197 meum
1179 2152 1331 2197 melius
1368 2169 1536 2215 premo,

168 2239 298 2285 quam
317 2240 488 2285 promo.
512 2224 557 2268 Si
585 2235 729 2269 autem
744 2224 897 2269 dicunt
917 2241 958 2268 se
984 2222 1159 2266 Christo
1176 2221 1277 2266 dare
1297 2239 1371 2267 cor
1391 2239 1536 2278 suum,

169 2293 346 2338 Christo
367 2310 465 2353 ergo
480 2294 659 2340 credant
691 2294 871 2348 dicenti,
898 2292 1016 2356 quod
1039 2309 1118 2354 per
1152 2303 1287 2336 totum
1327 2291 1541 2350 mundum

167 2374 209 2408 et
225 2363 435 2423 filiiregni
450 2375 660 2420 crescant,
677 2375 719 2410 et
736 2365 813 2409 filii
829 2363 1005 2422 maligni
1023 2380 1032 2406 :
1055 2379 1142 2407 non
1165 2363 1335 2407 Donato
1360 2362 1538 2418 dicenti,

168 2433 290 2496 quod
304 2451 383 2496 per
398 2444 538 2479 totum
553 2434 767 2479 mundum
780 2432 859 2479 filii
877 2432 1054 2492 maligni
1079 2431 1382 2477 tantummodo
1402 2449 1543 2478 creve-

166 2515 287 2560 runt,
312 2503 391 2550 filii
426 2515 570 2550 autem
594 2505 701 2549 boni
720 2520 856 2567 usque
878 2502 931 2548 ad
955 2502 1088 2548 solam
1116 2501 1304 2547 Africam
1338 2501 1544 2547 diminuti

213 2587 224 2609 ¹
244 2590 339 2621 Rom.
356 2598 407 2630 ιιι,
428 2593 462 2623 4.
485 2585 688 2624 —21d.1x‚
706 2587 737 2619 5.
757 2603 801 2608 -
818 2583 832 2607 3
849 2587 942 2617 Joan.
963 2596 1034 2629 xnv,
1049 2586 1081 2615 6.
1097 2581 1170 2608 ——4
1191 2581 1311 2617 Matth.
1329 2595 1408 2622 x111,
1427 2586 1479 2617 30.

1340 2651 1408 2681 lO.
