1894 3154
287 238 378 286 20ss
706 252 741 283 s.
785 249 1028 282 Auccsrim
1065 247 1267 278 EPISCOPI

284 321 366 366 tuit
385 320 537 365 Petrus
556 334 642 363 non
663 328 774 362 recte
793 318 835 362 in
858 317 1003 379 aliquo
1026 314 1191 373 ingredi
1208 313 1261 359 ad
1280 314 1502 361 veritatem
1519 316 1658 362 Evan-

285 389 398 450 gelii,
420 390 478 434 ita
497 398 543 434 ut
566 398 709 447 gentes
735 396 903 445 cogeret
929 384 1170 444 judaimre,
1195 383 1315 447 quod
1357 385 1518 431 Paulus
1540 386 1583 431 in
1610 403 1658 431 ea

284 461 436 507 scribit
455 458 668 522 Epistola,
690 457 735 501 in
754 473 839 519 qua
863 457 1002 500 Deum
1022 464 1197 499 testatus
1221 465 1282 499 est
1302 472 1388 500 non
1409 473 1450 502 se
1463 457 1650 503 mentiri.

287 531 358 577 Ait
381 531 492 575 enim
516 546 527 572 ι
556 548 575 567 «
595 527 707 582 Quae
727 536 871 570 autem
891 524 1034 569 scribo
1055 523 1204 578 vobis,
1235 540 1335 569 cccc
1357 541 1503 570 coram
1543 528 1654 581 Deo,

285 621 306 642 >>
329 600 431 663 quia
458 614 546 643 non
570 593 804 641 mentior1.
827 615 846 633 n
872 595 925 638 Et
949 603 1046 656 post
1067 592 1183 637 hanc
1208 603 1296 638 tam
1317 604 1507 639 sanctam
1531 605 1659 657 atque

284 667 518 714 terribilem
553 664 868 710 attestationem
899 663 1002 719 Dei,
1045 663 1237 707 narravit
1274 662 1371 708 haee
1414 663 1582 719 onmia,
1614 664 1659 709 in

281 739 443 803 quibus
459 736 564 782 dixit
583 753 592 780 :
618 736 763 780 «Gum
785 733 982 779 vidissem
1006 733 1108 796 quia
1128 749 1214 777 non
1232 733 1660 792 recteingrediuntur

282 830 303 851 ›>
323 808 377 854 ad
401 807 621 853 veritatem
644 803 884 863 Evangelii,
912 803 999 848 dixi
1026 805 1156 848 Petro
1183 819 1326 848 coram
1346 803 1549 849 omnibus
1571 820 1581 848 ι
1615 803 1660 848 Si

282 900 303 920 n
324 889 372 923 tu
389 894 490 923 cum
509 876 563 922 sis
584 874 762 920 Judaeus
785 873 998 934 gentiliter
1018 883 1059 917 et
1075 872 1346 932 nonjuda'ice
1366 872 1492 929 vivis,
1510 890 1660 936 quem-

282 971 302 990 »
324 946 559 993 admodum
575 955 718 1004 gentes
733 944 848 1004 cogis
866 943 1091 1003 judaizare
1109 943 1159 988 21³
1178 965 1196 984 »
1214 943 1259 987 Si
1278 942 1440 1006 potuit,
1459 943 1656 1006 inquam,

283 1020 435 1064 Petrus
466 1027 616 1062 contra
654 1015 847 1061 veritatis
877 1014 1088 1073 regulam,
1118 1031 1250 1077 quam
1277 1024 1423 1077 postea
1467 1014 1659 1059 Ecclesia

284 1088 439 1143 tenuit,
466 1082 781 1145 cogere'gentes
815 1083 1058 1143 judaizare,
1087 1100 1166 1128 cur
1190 1100 1275 1128 non
1299 1083 1444 1145 potuit
1471 1082 1663 1146 Cypria-

282 1175 363 1204 nus
392 1167 543 1203 contra
565 1155 754 1214 regulam
782 1153 972 1199 veritatis
991 1190 1001 1209 ,
1029 1169 1160 1216 quam
1184 1163 1332 1215 postea
1357 1163 1446 1198 tota
1471 1153 1662 1198 Ecclesia

286 1228 439 1283 tenuit,
467 1243 617 1285 cogere
639 1224 868 1270 haereticos
905 1222 972 1268 vel
1007 1222 1307 1268 schismaticos
1342 1222 1485 1268 denuo
1511 1222 1663 1285 bapti-

284 1298 395 1342 zari?
421 1297 534 1340 Puto
557 1293 676 1357 quod
699 1293 786 1339 sine
804 1292 891 1338 ulla
905 1291 970 1337 sui
990 1292 1252 1337 contumelia
1280 1292 1526 1355 Cyprianus
1543 1293 1662 1355 epis-

285 1383 425 1429 eopus
450 1367 578 1410 Petro
605 1363 798 1427 apostolo
818 1372 1098 1425 comparatur
1118 1399 1128 1417 ,
1172 1372 1387 1425 quantum
1417 1361 1570 1407 attinet
1607 1361 1660 1407 ad

285 1435 478 1498 martyrii
499 1451 717 1480 coronam.
738 1435 953 1478 Caeteruin
970 1433 1102 1492 magis
1114 1432 1250 1478 vereri
1275 1431 1430 1487 debeo,
1452 1449 1506 1477 ne
1529 1433 1571 1477 in
1587 1433 1664 1477 Pe-

288 1517 400 1550 trum
419 1503 754 1549 contumeliosus
768 1503 956 1548 existam.
979 1502 1088 1558 Quis
1105 1502 1218 1547 enim
1239 1503 1373 1546 nescit
1390 1501 1511 1547 illum
1527 1504 1661 1565 Apos-

282 1574 438 1631 lolatus
468 1574 764 1637 principatum
799 1573 979 1618 cuilibet
1005 1572 1276 1634 episcopatui
1308 1571 1627 1635 praeserendum
1645 1576 1663 1617 ἶ)

286 1644 369 1691 Sed
393 1654 435 1689 et
458 1644 490 1689 si
515 1643 644 1689 distat
666 1642 972 1688 cathedrarum
992 1642 1146 1701 gratia,
1175 1658 1256 1687 una
1295 1652 1517 1687 esttamen
1552 1643 1665 1687 Mar-

291 1725 434 1777 tyrum
453 1713 587 1773 gloria
612 1731 622 1758 ε
651 1723 691 1758 et
712 1714 743 1758 si
772 1713 881 1758 forte
918 1729 959 1757 se
982 1712 1166 1758 invicem
1181 1713 1223 1757 in
1241 1712 1386 1776 aliquo
1409 1711 1665 1775 praecedunt

285 1785 416 1831 corda
440 1784 760 1839 confitentium,
789 1801 837 1829 ac
856 1800 936 1846 pro
957 1800 1055 1828 vcra
1079 1783 1164 1829 fide
1184 1783 1228 1828 in
1261 1784 1424 1828 unitate
1442 1782 1666 1828 charitatis

286 1854 581 1909 morientium,
604 1854 817 1898 Dominus
842 1853 1028 1906 noverit,
1064 1856 1189 1912 cujus
1212 1852 1382 1898 occulta
1409 1862 1449 1897 et
1475 1852 1664 1897 mirabili

286 1923 603 1988 dispensatione
647 1923 879 1981 gratiarum
918 1922 1028 1967 latro
1061 1923 1105 1966 in
1138 1939 1270 1967 cruce
1308 1922 1502 1985 pendens
1533 1922 1661 1967 semel

283 2011 379 2040 eum
399 1994 631 2038 confitetur
652 1993 687 2048 3,
711 1992 947 2055 etdieipso
985 1992 1028 2036 in
1056 1992 1304 2054 paradisum
1334 1992 1543 2048 mittitur,
1574 1993 1660 2037 Pe-

285 2075 376 2110 trus
395 2063 631 2108 Dominum
658 2080 836 2126 sequens
867 2073 928 2107 ter
949 2078 1046 2106 eum
1079 2072 1204 2121 negat
1230 2061 1266 2117 4,
1289 2072 1330 2106 et
1347 2079 1370 2106 a
1388 2077 1548 2106 corona
1576 2061 1666 2106 dif-

285 2136 445 2181 fertur:
476 2134 720 2185 nobisliinc
750 2125 949 2192 judicare
973 2133 1246 2178 temerarium
1263 2143 1336 2178 est.
1361 2132 1666 2178 Verumtamen

286 2206 319 2250 si
339 2204 566 2268 quisquam
582 2220 697 2248 nune
717 2202 1111 2263 cogatciicumcidi
1133 2203 1317 2265 aliquem
1337 2202 1664 2261 morcjudamQ

285 2275 408 2319 etsie
432 2273 676 2336 baptizari3
698 2273 834 2318 multo
854 2272 1040 2335 amplius
1056 2272 1293 2316 detestatur
1318 2271 1402 2316 hoc
1431 2271 1667 2330 genushu-

286 2360 481 2397 manuni‚
500 2356 631 2406 quain
652 2343 684 2388 si
705 2343 856 2406 aliquis
876 2353 1056 2402 cogatur
1086 2341 1361 2404 rebaptizari.
1385 2341 1667 2404 Quapropter

284 2430 385 2458 cum
405 2412 679 2458 Petrusillud
705 2413 863 2459 faciens
883 2431 905 2457 a
930 2412 1068 2457 Paulo
1086 2411 1321 2475 posteriore
1357 2410 1606 2469 corrigitur,
1626 2421 1666 2455 et

286 2483 403 2546 pacis
425 2493 553 2545 atque
568 2483 742 2528 unitatis
767 2483 949 2528 vinculo
972 2481 1210 2527 custoditus
1225 2479 1279 2526 ad
1294 2480 1548 2542 martyrium
1570 2497 1670 2543 pro-

331 2567 337 2587 ¹
362 2565 461 2596 Gulat,
489 2577 516 2608 r,
541 2577 651 2597 (10,-
671 2565 745 2596 ²1³1.
766 2577 798 2597 [1,
819 2573 855 2601 22
890 2584 933 2589 -—
951 2563 1309 2601 31.uc.xu=1.s.3.—-
1329 2561 1625 2604 ⁴M÷1tlli.xx1‚(33,.
