1894 3154
230 261 319 309 270
416 270 431 273 ⁴
647 259 681 289 s.
727 257 965 287 Ars-[simi
1005 257 1203 286 131¹tscoi·1

230 327 335 372 dum
368 325 664 389 perveniatur,
698 322 923 367 vinculum
960 331 1206 384 permaneat
1240 320 1437 377 unitatis,
1478 338 1529 367 ne
1558 320 1602 367 in

232 407 354 461 parte
377 396 557 460 praecisa
583 404 799 439 remaneat
816 392 1055 438 insanabile
1076 391 1231 437 vulnus
1255 392 1421 438 erroris.

295 468 370 513 Vl.
402 468 456 511 Et
476 466 571 511 ideo
595 465 852 527 plerumque
871 462 1142 508 doctioribus
1173 462 1315 506 minus
1340 461 1502 525 aliquid
1533 479 1602 507 re-

230 538 422 592 velatur,
450 546 671 581 uteorum
707 534 874 595 patiens
906 543 947 577 et
975 531 1152 577 humilis
1184 531 1398 586 charitas,
1442 533 1485 576 in
1517 548 1603 595 qua

232 608 400 652 fructus
426 608 563 663 major
583 614 666 658 est,
706 603 1043 664 comprobetur,
1081 601 1148 646 vel
1173 601 1395 664 quomodo
1432 611 1603 647 teneant

231 676 463 731 unitatem,
493 690 593 719 cum
621 673 667 718 in
694 673 822 717 rebus
840 671 1168 717 obscurioribus
1188 671 1359 730 diversa
1383 672 1600 724 sentiunt3

232 745 298 791 vel
316 743 536 808 quomodo
570 742 788 804 accipiant
819 741 1042 786 veritatem
1064 777 1074 795 ‚
1111 757 1213 786 cum
1239 752 1390 786 contra
1415 740 1461 786 id
1485 740 1606 804 quod

232 815 498 869 sentiebant,
532 811 792 858 declaratam
829 828 914 856 esse
951 820 1233 870 cognoscunt,
1264 814 1467 868 Quorum
1495 810 1609 855 ‹Iuo-

233 903 329 932 runl
350 884 666 930 manifestatum
695 893 886 928 tenemus
909 898 1042 927 unum
1070 882 1114 925 in
1136 882 1262 926 beato
1285 881 1508 944 (ypriano
1525 918 1535 934 ‚
1558 880 1604 926 id

235 966 297 1001 est
315 992 325 1011 ‚
351 953 571 1017 quomodo
598 952 784 998 tenuerit
807 952 1015 997 unitatem
1035 968 1133 996 cnm
1156 951 1214 996 eis
1239 968 1260 995 a
1286 951 1446 1013 quibus
1464 951 1605 996 diver-

233 1042 327 1073 sum
346 1024 568 1070 sentiebat.
598 1023 670 1069 Ait
692 1024 806 1068 enim
836 1040 845 1066 ε
886 1043 905 1063 α
931 1022 1154 1066 Neminem
1178 1021 1425 1080 judicantes
1443 1057 1453 1077 ,
1481 1031 1555 1066 aut
1580 1039 1602 1066 a

227 1101 325 1157 jure
345 1094 661 1140 communionis
685 1093 871 1155 aliquem
892 1093 924 1137 si
951 1092 1165 1137 diversum
1198 1092 1372 1136 senserit
1401 1108 1606 1136 amoven-

236 1176 309 1212 tes.
336 1187 356 1206 »
381 1164 572 1210 Alterum
594 1173 734 1208 autem
753 1199 763 1218 ,
785 1161 829 1207 id
847 1172 908 1206 est
927 1198 937 1217 ,
959 1161 1180 1224 quomodo
1202 1161 1396 1223 accipere
1418 1161 1608 1223 potuerit

235 1236 456 1282 veritatem
476 1243 624 1279 contra
644 1232 687 1278 id
709 1231 828 1295 quod
852 1232 1062 1276 sentiebat
1083 1233 1328 1286 inventam,
1354 1230 1431 1276 etsi
1452 1230 1607 1276 litterae

236 1315 401 1360 tacent,
423 1303 573 1348 merita
592 1301 808 1354 clamant3
830 1302 863 1346 si
880 1301 1058 1363 epistola
1076 1318 1162 1345 non
1183 1300 1424 1355 invenitur,
1446 1317 1607 1345 corona

234 1385 438 1427 testatum
460 1373 493 1418 si
513 1372 746 1418 concilium
773 1389 858 1416 non
878 1371 1043 1417 indicat
1065 1372 1370 1434 episcoporum
1390 1408 1400 1423 ,
1424 1387 1604 1415 consor-

237 1447 343 1492 tium
370 1443 535 1490 indicat
561 1442 835 1502 Angelorum.
874 1443 972 1486 lN‘on
1003 1443 1115 1487 enim
1150 1458 1336 1504 parvum
1369 1441 1606 1487 documen-

239 1528 329 1562 tum
364 1525 425 1561 est
461 1523 747 1577 pacatissimae
784 1530 969 1568 anrnue,
1006 1513 1050 1557 in
1074 1530 1120 1558 ea
1149 1512 1314 1557 unitate
1350 1512 1607 1575 martyrium

238 1587 437 1633 meruisse
455 1622 465 1639 ‚
491 1583 604 1629 unde
622 1600 663 1628 se
683 1583 899 1628 diversum
919 1584 1100 1629 sentiens
1119 1583 1260 1628 noluit
1280 1600 1488 1646 separare.
1521 1583 1608 1628 110-

237 1657 372 1703 mines
395 1654 506 1699 enim
531 1669 690 1698 sumus
725 1653 850 1698 Unde
871 1653 1033 1716 aliquid
1056 1653 1177 1698 aliter
1202 1670 1350 1716 sapere
1384 1669 1519 1716 quam
1545 1670 1609 1698 res

237 1743 279 1773 se
312 1725 472 1779 habet,
512 1722 704 1767 humana
745 1722 922 1768 tentatio
958 1734 1032 1769 est.
1068 1723 1205 1768 Nimis
1239 1733 1382 1768 autem
1421 1723 1607 1768 amando

237 1794 487 1842 sententiam
514 1809 664 1847 suam,
692 1791 759 1838 vel
792 1792 1028 1838 invidendo
1066 1793 1338 1847 melioribus,
1381 1809 1514 1856 usque
1554 1793 1608 1838 ad

238 1862 532 1928 praecidendae
572 1862 889 1906 communionis
928 1873 970 1907 et
1009 1862 1224 1907 condendi
1263 1862 1504 1908 schismatis
1542 1863 1609 1909 vel

241 1934 413 1981 liaeresis
434 1930 703 1989 sacrilegium
727 1931 966 1992 pervenire,
989 1931 1206 1976 diabolica
1226 1933 1509 1994 praesumptio
1528 1942 1601 1978 est.

241 2006 293 2050 In
312 2003 429 2049 nullo
451 2012 591 2047 autem
618 2000 739 2045 aliter
763 2018 911 2063 sapere
935 2018 1068 2064 quam
1092 2019 1155 2047 res
1169 2019 1210 2046 se
1234 2001 1370 2046 habet
1385 2039 1394 2056 ‚
1417 2002 1609 2061 angelica

239 2072 447 2138 perfectio
470 2081 543 2116 est.
576 2070 690 2126 Quia
710 2070 853 2132 itaque
875 2070 1069 2116 homines
1089 2088 1236 2116 sumus
1256 2109 1265 2127 ,
1286 2071 1356 2116 sed
1378 2089 1452 2134 spe
1471 2071 1608 2131 angeli

239 2160 387 2191 sumus
402 2141 416 2170 ¹
439 2178 450 2196 ‚
471 2139 632 2202 quibus
667 2139 851 2201 aequales
876 2140 919 2184 in
942 2141 1249 2185 resurreetione
1271 2140 1406 2185 futuri
1435 2158 1603 2198 sumus,

237 2211 432 2278 quandiu
452 2208 758 2272 perfectionem
780 2209 931 2268 Angeli
948 2227 1036 2254 non
1051 2210 1281 2265 habemus,
1300 2212 1606 2273 praesumptio-

238 2300 334 2330 nem
354 2279 517 2326 diaboli
536 2295 622 2323 non
640 2278 890 2325 habeamus.
917 2278 1021 2323 Ideo
1040 2279 1146 2325 dicit
1167 2279 1398 2342 Apostolus
1421 2297 1431 2324 :
1454 2301 1474 2321 «
1495 2282 1605 2326 Ten-

238 2351 378 2397 »tatio
404 2366 478 2395 vos
504 2365 588 2393 non
613 2348 912 2410 apprehendat
935 2349 1014 2394 nisi
1040 2349 1278 2395 humana2.
1306 2370 1325 2389 υ
1351 2350 1605 2396 Humanum

235 2433 295 2469 est
321 2436 419 2478 ergo
438 2417 603 2479 aliquid
627 2417 749 2462 aliter
774 2435 936 2480 sapere.
978 2419 1210 2481 Propterea
1233 2418 1341 2463 dicit
1371 2417 1451 2463 alio
1471 2418 1567 2464 loco
1591 2437 1601 2464 :

235 2516 255 2535 (ι
279 2496 506 2551 Quotquot
529 2503 628 2545 ergo
648 2486 828 2548 perfecti
848 2487 933 2532 boe
958 2488 1172 2551 sapiamus
1188 2526 1198 2546 ‚
1225 2498 1266 2534 et
1291 2487 1323 2533 si
1358 2488 1463 2550 quid
1485 2489 1607 2536 aliter

285 2569 417 2605 lMattli
451 2579 535 2607 un,
560 2569 610 2601 30.
627 2566 697 2591 -“·’
719 2579 730 2598 1
749 2571 821 2600 (jur.
847 2580 877 2607 Α,
902 2572 951 2602 13.
