1894 3154
285 198 379 262 ,456
706 221 746 250 s.
783 219 1027 251 Aueusnm
1058 219 1264 251 EPISCOPI

288 287 448 342 carnis,
476 286 621 349 qualia
651 286 728 349 qui
753 298 901 346 agunt,
929 302 1109 344 regnum
1131 285 1211 330 Dei
1233 301 1321 330 non
1346 283 1656 348 possidebunt3

287 358 453 402 habent
484 373 534 403 ac
577 356 755 402 tradunt
787 367 828 402 et
852 357 1065 410 haeretici,
1087 356 1163 419 qui
1187 356 1300 401 inter
1319 356 1393 401 illa
1421 373 1553 419 opera
1573 371 1660 400 nu—

286 428 439 473 merati
467 438 591 484 sunt,
628 428 748 491 quod
782 427 886 491 quia
918 427 1157 472 recedendo
1199 444 1287 473 non
1323 428 1582 481 amiserunt,
1621 436 1662 472 et

286 498 453 544 tradere
475 499 692 544 manendo
710 508 947 561 potuerunt
972 515 981 541 :
1007 497 1077 542 sed
1117 509 1205 543 tam
1230 498 1497 543 infructuose
1535 507 1664 560 atque

285 570 498 615 inutiliter
522 570 626 614 tales
647 569 822 623 talibus,
849 585 978 630 quam
1004 578 1046 612 et
1071 567 1133 612 illi
1163 568 1309 612 caeteri
1327 585 1451 630 pares
1478 584 1627 613 eorum
1647 604 1658 623 ‚

285 640 331 685 in
348 656 397 684 eo
423 639 538 702 quod
558 656 734 698 regnum
757 639 836 683 Dei
860 656 946 683 non
964 638 1292 701 possidebunt&
1306 640 1360 684 Et
1374 638 1662 702 quemadmo-

290 710 396 760 dum
421 710 503 755 illis
521 710 727 756 correctis
744 710 960 773 baptisma
985 727 1072 754 non
1096 709 1253 772 incipit
1272 709 1415 755 adesse
1431 709 1550 773 quod
1568 709 1664 754 dee-

288 791 372 837 rat,
399 780 471 826 sed
492 780 694 843 prodesse
728 780 847 844 quod
878 781 1041 834 inerat;
1087 779 1147 824 sie
1185 789 1227 824 et
1265 780 1496 826 haereticis.
1539 778 1665 824 Unde

291 851 558 914 Cyprianus,
580 862 621 895 et
637 851 714 914 qui
733 867 833 896 cum
854 867 902 895 eo
922 860 1160 905 senserunt,
1185 849 1417 895 catholicae
1439 849 1662 905 Ecclesiae,

290 938 422 985 quam
447 921 682 968 noluerunt
703 922 965 985 praecidere,
993 938 1081 967 non
1101 930 1341 985 potuerunt
1362 920 1659 984 praescribere.

294 991 425 1047 Quod
446 1009 550 1037 vero
572 992 695 1038 aliter
712 1003 966 1055 sapuerunt,
987 1009 1075 1038 non
1092 992 1430 1056 expavescimus,
1450 992 1552 1054 quia
1566 1007 1667 1036 eum

292 1063 349 1107 eis
376 1080 631 1109 veneramur
662 1075 702 1109 et
733 1065 913 1109 Petrum
938 1083 948 1109 :
983 1064 1101 1128 quod
1130 1076 1273 1110 autem
1305 1064 1360 1109 ab
1386 1063 1550 1108 unitate
1579 1079 1668 1107 non

292 1144 591 1191 recesserunt,
626 1134 862 1195 gaudemus
888 1172 899 1191 ‚
937 1135 1039 1198 quia
1079 1152 1179 1180 cum
1216 1135 1275 1180 eis
1306 1133 1578 1180 aedificamur
1622 1132 1668 1177 in

294 1215 434 1266 petra.

342 1299 353 1320 1
375 1298 479 1330 Galat.
498 1308 528 1334 v,
551 1309 608 1333 21.
