1894 3154
306 240 365 301 78
725 251 761 281 s.
802 249 1047 280 Ausus‘rim
1081 246 1284 279 EPISCOPI

304 318 490 382 exceptis
510 315 691 363 Psalmis
708 352 720 372 ‚
746 314 928 375 intelligi
951 313 1102 362 voluit.
1142 313 1315 360 Dicitur
1346 331 1445 374 ergo
1467 316 1555 360 Lex
1576 315 1679 361 uni-

304 388 525 436 versaliter
544 404 646 433 cum
669 385 902 448 Prophetis
924 394 966 429 et
996 383 1180 428 Psalmis
1200 420 1210 439 ‚
1240 383 1402 429 dicitur
1430 395 1472 430 et
1502 385 1680 448 proprie

305 476 404 522 quae
438 476 517 522 per
552 460 730 519 Moysen
753 455 853 501 data
887 466 964 502 est,
1007 455 1116 499 Item
1153 453 1361 500 dicuntur
1392 456 1680 501 communiter

305 530 540 593 Prophetae
563 526 694 573 simul
719 543 821 572 cum
838 525 1021 570 Psalmis
1039 562 1051 579 ,
1073 524 1283 570 dicuntur
1300 535 1342 570 et
1362 526 1542 589 proprie
1559 543 1680 589 prae-

305 610 369 646 ter
385 600 594 646 Psalmos.
618 599 673 643 Et
692 596 839 642 multis
859 595 950 640 aliis
972 595 1176 658 exemplis
1195 594 1342 640 doceri
1361 606 1522 659 potest,
1541 596 1681 642 multa

304 687 450 716 rerum
473 667 689 715 vocabula
707 703 717 721 ‚
744 676 784 711 et
809 664 1107 712 universaliter
1142 665 1279 727 poni,
1302 675 1344 710 et
1368 666 1547 729 proprie
1579 667 1682 728 qui-

306 741 494 785 busdam
512 739 642 784 rebus
660 736 860 781 adhiberi
880 772 890 791 ,
914 735 996 780 nisi
1013 736 1058 780 in
1083 752 1128 780 re
1149 747 1297 798 aperta
1318 736 1496 783 Vitanda
1517 736 1570 782 sit
1587 736 1681 781 lon-

305 809 455 871 gitudo
479 806 701 855 sermonis.
735 806 832 850 Hoc
855 804 952 850 ideo
977 804 1094 860 dixi,
1121 821 1174 849 ne
1199 805 1429 868 quisquam
1451 816 1683 869 propterea

305 898 382 927 nos
405 878 758 925 inconvenienter
783 875 994 921 existimet
1017 874 1276 920 charitatem
1293 868 1512 939 appellare
1539 876 1683 940 Spiri-

303 963 400 997 tum
430 959 627 995 sanctum
644 984 656 1003 ‚
687 946 792 1009 quia
812 956 854 991 et
877 948 997 990 Deus
1017 945 1147 990 Pater
1171 955 1213 990 et
1237 946 1352 991 Deus
1375 946 1510 992 Filius
1540 956 1684 1010 potest

305 1022 493 1068 charitas
512 1018 780 1081 nuncupari.

369 1091 533 1137 XXXI.
565 1089 688 1134 Sicut
710 1102 809 1147 ergo
832 1087 1012 1132 unicum
1035 1086 1115 1132 Dei
1135 1086 1331 1132 Verbum
1350 1088 1529 1151 proprie
1545 1104 1681 1134 voca-
1748 1095 1755 1102 ”

304 1179 400 1208 mus
419 1160 595 1207 nomine
614 1156 839 1220 sapientiae
857 1193 868 1212 ,
900 1174 1000 1202 cum
1030 1157 1085 1201 sit
1110 1156 1408 1203 universaliter
1431 1168 1473 1203 et
1493 1158 1682 1221 Spiritus

303 1244 476 1279 sanetus
501 1242 543 1277 et
562 1232 690 1276 Pater
707 1229 800 1291 ipse
823 1228 1035 1291 sapientia
1063 1245 1073 1272 ι
1096 1228 1155 1273 ita
1182 1227 1369 1291 Spiritus
1383 1239 1556 1276 sanctus
1575 1247 1682 1292 pro—

304 1304 399 1367 prie
417 1311 700 1364 nuncupatur
724 1298 943 1345 vocabulo
969 1298 1222 1354 charitatis,
1254 1316 1355 1344 cum
1383 1299 1437 1345 sit
1456 1300 1683 1346 universa-

307 1375 404 1419 liter
424 1373 612 1418 charitas
633 1379 676 1415 et
699 1369 830 1414 Pater
849 1379 889 1414 et
908 1368 1053 1415 Filius.
1087 1368 1171 1414 Sed
1198 1368 1276 1414 Dei
1297 1370 1489 1415 Verbum
1505 1407 1516 1426 ,
1536 1370 1583 1416 id
1600 1381 1675 1426 est,

307 1443 553 1503 unigenitus
580 1439 659 1486 Dei
683 1438 817 1484 Filius
843 1449 988 1502 aperte
1016 1439 1159 1484 dictus
1179 1449 1240 1484 est
1266 1440 1344 1485 Dei
1362 1440 1588 1503 sapientia,
1611 1457 1682 1486 ore

309 1512 560 1577 Apostolico
576 1548 588 1568 ,
617 1510 695 1556 ubi
717 1509 774 1554 ait
793 1526 803 1552 :
829 1529 848 1549 ε(
869 1509 1097 1554 Christum
1119 1509 1197 1554 Dei
1223 1510 1427 1555 virtutem
1452 1521 1493 1555 et
1512 1511 1592 1556 Dei
1611 1528 1683 1556 sa-

306 1606 327 1626 »
345 1581 581 1647 pientiam1
605 1598 616 1624 ε
641 1602 661 1621 »
680 1579 869 1642 Spiritus
890 1590 1033 1624 autem
1054 1590 1227 1624 sanctus
1244 1580 1323 1624 ubi
1346 1580 1400 1624 sit
1418 1579 1562 1628 dictus
1578 1581 1682 1626 cha-

302 1655 404 1700 ritas
428 1651 694 1703 invenimus,
719 1649 754 1693 si
776 1648 1005 1707 diligenter
1027 1649 1202 1694 Joannis
1227 1649 1413 1712 apostoli
1434 1661 1680 1696 scrutemur

302 1724 549 1787 eloquium;
586 1721 664 1784 qui
695 1734 797 1764 cum
832 1717 1034 1764 dixisset:
1070 1740 1090 1759 «
1117 1718 1424 1777 Dilecfissimi,
1454 1719 1682 1779 diligamus

303 1794 530 1840 »invicem
551 1828 561 1847 ‚
588 1789 691 1853 quia
711 1787 886 1833 dilectio
912 1805 958 1833 ex
981 1789 1073 1833 Deo
1097 1799 1158 1833 est
1182 1806 1192 1832 ι
1215 1809 1235 1829 »
1258 1799 1429 1834 secutus
1449 1789 1641 1849 adjunxit
1663 1807 1673 1834 :

303 1886 323 1906 «
343 1866 399 1909 Et
419 1862 556 1909 omnis
581 1859 657 1923 qui
683 1857 852 1917 diligit,
877 1874 925 1902 ex
949 1857 1038 1903 Deo
1059 1868 1185 1903 uatus
1205 1868 1288 1914 est3
1307 1858 1383 1920 qui
1406 1876 1494 1904 non
1510 1859 1674 1919 diligit,

302 1958 324 1980 »
342 1954 430 1983 non
463 1929 667 1994 cognovit
697 1928 867 1983 Deum,
905 1927 1007 1990 quia
1042 1927 1158 1972 Deus
1191 1926 1368 1972 dilectio
1400 1929 1505 1975 est2.
1541 1950 1562 1971 ›>
1593 1929 1678 1975 Hic

302 2003 594 2054 manifestavit
627 2017 720 2047 eam
761 2015 803 2061 se
838 1997 990 2043 dixisse
1028 1998 1306 2044 dilectionem
1343 1998 1506 2056 Deum,
1546 2016 1679 2062 quam

305 2078 412 2124 dixit
430 2093 478 2122 ex
500 2076 607 2119 Deo.
638 2073 756 2118 Deus
776 2085 876 2128 ergo
895 2085 940 2113 ex
967 2069 1059 2113 Deo
1084 2079 1144 2113 est
1170 2067 1359 2114 dilectio,
1396 2068 1479 2114 Sed
1507 2071 1609 2132 quia
1638 2080 1679 2115 et

304 2147 437 2193 Filius
459 2163 508 2190 ex
521 2146 612 2189 Deo
633 2142 764 2187 Patre
791 2149 917 2184 natus
940 2149 1024 2194 est,
1053 2148 1095 2183 et
1120 2138 1306 2201 Spiritus
1326 2150 1498 2184 sanctus
1517 2156 1563 2184 ex
1587 2141 1677 2185 Deo

302 2220 432 2263 Patre
456 2212 680 2278 procedit,
703 2225 833 2273 quem
854 2208 1000 2271 potius
1032 2225 1182 2253 eorum
1203 2208 1278 2252 hic
1297 2207 1531 2254 debeamus
1559 2210 1678 2255 acci-

300 2304 403 2351 pere
438 2286 608 2331 dictum
637 2297 723 2326 esse
759 2279 1037 2324 dilectionem
1072 2278 1239 2335 Deum,
1262 2279 1416 2323 merito
1446 2281 1672 2342 quaeritur.

302 2359 430 2402 Pater
453 2355 569 2401 enim
587 2351 699 2397 solus
719 2350 779 2395 ita
808 2353 919 2394 Deus
936 2358 1023 2405 est,
1045 2358 1094 2393 ut
1116 2364 1204 2392 11011
1236 2348 1290 2392 sit
1306 2365 1353 2392 ex
1377 2349 1469 2394 Deo
1490 2367 1500 2393 ε
1531 2367 1580 2395 ac
1600 2367 1679 2413 per

299 2428 387 2473 hoc
407 2425 582 2472 dilectio
609 2438 708 2485 quae
730 2421 791 2465 ita
817 2424 936 2465 Deus
957 2429 1043 2473 est,
1073 2429 1120 2463 ut
1146 2435 1193 2463 ex
1219 2419 1309 2463 Deo
1337 2419 1417 2476 sit,
1441 2431 1515 2465 aut
1545 2420 1678 2466 Filius

300 2508 388 2555 est,
428 2507 502 2542 aut
531 2492 719 2556 Spiritus
752 2499 939 2538 sanctus.
987 2487 1073 2534 Sed
1103 2488 1150 2534 in
1180 2490 1547 2552 consequentibus
1576 2508 1679 2536 cum

347 2580 358 2604 ¹
375 2592 393 2612 2
411 2582 486 2613 Cor.
502 2590 531 2620 1,
547 2582 603 2613 24·
619 2591 665 2599 —-
683 2572 698 2596 2
719 2584 732 2606 1
754 2574 907 2612 Joan.1v,
928 2584 957 2613 7.
