1894 3154
591 274 646 305 DE
682 274 936 317 Tamti-Ain,
976 275 1062 308 Lm.
1104 276 1176 309 xv.
1508 268 1569 314 83

204 339 357 395 beant,
377 339 424 384 id
441 349 531 395 θεῖ,
555 338 768 402 Spiritum
785 351 998 388 sanctum.
1019 342 1130 388 Nam
1148 352 1190 388 et
1201 341 1304 394 alibi
1320 360 1420 391 cum
1437 348 1575 404 multa

203 407 316 454 dona
339 420 737 467 commemorasset,
763 431 783 452 c<
806 411 993 467 Omnia,
1033 412 1207 475 inquit,
1238 413 1338 472 haec
1368 428 1574 478 operatur
1604 440 1608 443 ·

201 498 222 519 »
246 494 357 523 unus
380 489 508 541 atque
534 478 650 524 idem
675 479 885 542 Spiritus,
913 480 1110 527 dividens
1133 483 1314 545 propria
1338 485 1574 548 unicuique

198 568 221 589 2>
242 560 377 610 prout
403 548 544 596 vult1.
569 570 590 590 »
627 549 759 606 Quod
794 551 978 597 verbum
1007 563 1050 597 et
1075 551 1122 597 in
1163 553 1357 615 Epistola
1388 571 1488 617 quae
1518 556 1573 602 ad

196 617 408 664 Hebraeos
436 629 497 664 est
528 619 762 677 invenitur,
799 619 876 665 ubi
919 621 1134 683 scriptum
1165 632 1256 678 θεῖ,
1286 643 1307 664 α
1334 624 1573 674 Attestante

196 707 218 728 >³
241 689 332 735 Deo
358 689 486 748 signis
514 700 555 735 θῖ
584 689 759 736 ostentis
781 701 823 735 et
853 691 983 737 variis
1014 691 1275 749 virtutibus,
1307 704 1349 739 et
1380 694 1571 757 Spiritus

196 776 216 798 ›>
239 758 377 803 sancti
391 758 774 805 distributionibus
788 760 820 807 2.
862 781 884 802 ³>
912 762 968 806 Et
989 761 1065 806 hic
1086 778 1187 807 cum
1214 761 1386 808 dixisset
1402 800 1414 820 ‚
1436 785 1457 806 <‹
1492 767 1570 811 As-

195 848 216 869 »
239 828 385 874 cendit
409 829 455 874 in
481 829 613 875 altum
633 867 643 886 ‚
683 830 924 893 captivavit
951 831 1272 894 captivitatem,
1306 833 1427 880 dedit
1455 834 1571 881 dona

193 916 214 937 >2
237 896 507 946 hominibus,
538 898 671 955 Quod
690 910 834 945 autem
868 900 1060 945 ascendit
1077 936 1088 955 ,
1129 899 1219 955 ait,
1245 902 1353 962 quid
1378 913 1462 958 est,
1488 904 1571 949 nisi

192 985 214 1005 2>
237 966 339 1028 quia
363 978 404 1013 et
436 967 658 1013 descendit
679 968 726 1012 in
751 968 972 1013 inferiores
1003 979 1145 1031 partes
1171 973 1326 1015 terrae?
1355 971 1444 1026 Qui
1468 971 1568 1017 des-

190 1056 211 1077 »
235 1036 381 1082 cendit
398 1075 409 1094 ‚
430 1038 522 1100 ipse
536 1048 597 1083 est
625 1048 667 1083 et
699 1038 775 1100 qui
795 1038 985 1084 ascendit
1009 1055 1139 1101 super
1157 1055 1304 1084 omnes
1331 1040 1465 1087 coelos
1483 1079 1494 1098 ‚
1517 1053 1566 1089 ut

191 1125 212 1146 >³
237 1106 494 1169 adimpleret
507 1107 665 1154 omnia.
687 1109 744 1153 Et
761 1108 852 1170 ipse
869 1107 992 1153 dedit
1009 1107 1220 1170 quosdam
1234 1109 1412 1170 quidem
1429 1112 1567 1174 Apos-

189 1195 210 1215 ›>
235 1176 345 1221 tolos
360 1213 371 1233 ,
388 1177 598 1240 quosdam
615 1187 756 1222 autem
775 1177 1043 1239 Prophetas,
1065 1176 1278 1239 quosdam
1295 1195 1396 1224 vero
1416 1180 1564 1225 Evan-

188 1265 209 1285 >›
232 1245 399 1304 gelistas
416 1283 427 1302 ,
452 1246 661 1309 quosdam
687 1256 829 1291 autem
855 1256 1047 1309 pastores
1064 1255 1105 1290 et
1131 1246 1328 1291 doctores
1342 1247 1375 1294 3.
1403 1268 1424 1288 ›>
1451 1249 1562 1295 Ecce

186 1331 320 1377 quare
340 1316 458 1362 dicta
480 1326 581 1361 sunt
608 1316 722 1361 dona
741 1334 751 1360 :
773 1316 874 1378 quia
892 1353 902 1371 ,
929 1316 1041 1360 sicut
1074 1315 1179 1360 alibi
1203 1315 1340 1372 dicit,
1373 1337 1394 1358 «
1416 1318 1562 1372 Num-

185 1404 207 1425 »
230 1386 339 1448 quid
360 1404 505 1432 omnes
533 1386 757 1449 Apostoli?
783 1385 1000 1449 numquid
1036 1402 1182 1431 omnes
1216 1386 1518 1449 Prophetae-'⁴2³
1539 1410 1560 1431 »

184 1464 226 1499 θῖ
256 1466 408 1502 cetera.
446 1456 532 1500 Hic
567 1465 710 1501 autem
734 1455 955 1515 adjunxit,
991 1476 1012 1497 «
1039 1454 1109 1500 Ad
1142 1457 1560 1505 consummationem

185 1544 206 1564 ³>
230 1536 477 1570 sanctorum
499 1525 545 1570 in
570 1542 679 1587 opus
696 1525 948 1580 ministerii,
977 1525 1023 1569 in
1040 1524 1373 1571 aedificationem
1394 1544 1558 1590 corpo-

181 1615 203 1635 »
225 1595 282 1639 ris
301 1594 466 1639 Christi
481 1594 516 1639 5.
539 1616 560 1635 ›>
581 1594 689 1639 Haec
707 1605 768 1639 est
788 1594 944 1639 domus
957 1630 969 1649 ,
993 1610 1094 1656 quae
1109 1630 1120 1648 ‚
1143 1593 1255 1638 sicut
1269 1594 1468 1641 Psalmus
1484 1614 1556 1642 ca-

180 1664 269 1718 nit,
297 1664 541 1709 aedificatur
561 1674 659 1726 post
681 1663 978 1726 captivitatem
993 1663 1010 1690 6
1030 1680 1040 1707 :
1069 1663 1278 1725 quoniam
1301 1664 1378 1726 qui
1401 1676 1500 1719 sunt
1530 1684 1553 1712 a

180 1733 356 1778 diabolo
375 1734 508 1789 eruti,
535 1750 559 1779 a
586 1750 674 1797 quo
699 1733 862 1796 captivi
884 1733 1163 1787 tenebantur,
1186 1732 1240 1777 de
1263 1732 1332 1778 his
1355 1733 1552 1780 aedifica-

178 1813 250 1848 tur
288 1803 444 1849 domus
481 1803 672 1858 Christi,
713 1819 813 1865 quae
859 1802 1014 1848 domus
1059 1801 1303 1864 appellatur
1338 1803 1542 1852 Ecclesia.

177 1872 304 1918 Hanc
330 1884 471 1918 autem
503 1873 801 1936 captivitatem
821 1872 913 1934 ipse
935 1870 1199 1934 captivavit,
1228 1871 1304 1933 qui
1324 1871 1550 1919 diabolum

175 1942 296 1988 vicit.
314 1943 369 1987 Et
390 1959 441 1987 ne
454 1941 527 1988 illa
546 1959 645 2005 quae
657 1942 805 1988 futura
828 1951 949 1986 erant
967 1940 1106 1985 sancti
1123 1940 1278 2002 capitis
1288 1942 1486 1988 membra
1499 1943 1545 1988 in

175 2022 384 2058 aeternum
407 2012 673 2075 supplicium
693 2028 838 2058 secum
857 2010 1066 2065 traheret,
1086 2025 1183 2055 eum
1195 2010 1376 2069 Justitiae
1393 2011 1540 2072 prius,

174 2080 330 2126 deinde
341 2082 549 2143 potentiae
562 2082 747 2127 vinculis
761 2079 965 2140 alligavit.
982 2080 1080 2141 Ipse
1097 2079 1245 2140 itaque
1261 2078 1463 2125 diabolus
1482 2091 1545 2126 est

174 2150 393 2212 appellata
415 2151 644 2212 captivitas
657 2188 667 2207 ‚
696 2167 825 2214 quam
844 2147 1084 2211 captivavit
1098 2147 1174 2210 qui
1197 2147 1388 2192 ascendit
1409 2148 1456 2194 in
1476 2149 1543 2195 al-

173 2229 284 2273 tum,
313 2229 353 2263 et
373 2218 494 2264 dedit
516 2219 630 2265 dona
644 2219 917 2273 hominibus,
932 2216 1000 2263 vel
1017 2215 1184 2278 accepit
1198 2216 1245 2262 in
1266 2216 1535 2265 hominibus.

234 2287 414 2333 XXXV.
445 2291 595 2333 Petrus
615 2300 758 2334 autem
784 2285 1028 2351 apostOIUS‚
1056 2285 1169 2330 sicut
1189 2285 1237 2330 in
1258 2302 1306 2331 eo
1323 2286 1440 2332 libro
1460 2288 1545 2334 Ca-

168 2357 327 2402 nonico
358 2356 532 2416 legitur,
555 2358 634 2403 ubi
657 2359 810 2420 scripti
833 2365 933 2401 sunt
957 2356 1092 2399 Actus
1117 2355 1448 2417 Apostolorum,
1474 2357 1545 2403 lo-

169 2443 303 2489 quens
331 2425 384 2470 de
409 2425 587 2472 Christo
605 2463 617 2484 ‚
646 2426 875 2473 commotis
898 2422 1029 2469 corde
1052 2424 1078 2468 J
1083 2422 1220 2469 udaeis
1238 2460 1251 2481 ,
1282 2435 1323 2470 et
1353 2424 1544 2480 dicenti-

212 2524 225 2547 ¹
249 2536 263 2555 1
283 2527 356 2557 Cor.
375 2535 438 2561 xxx,
456 2535 511 2558 21.
527 2544 571 2551 --
587 2525 604 2548 2
622 2528 720 2559 Ηώς,
738 2538 773 2565 ῃ,
794 2532 826 2562 4,
847 2543 890 2548 —
907 2521 922 2546 3
946 2522 1063 2567 Ephes.
1088 2534 1136 2566 xv,
1164 2523 1254 2556 8-10.
1274 2540 1321 2547 —
1334 2520 1351 2545 4
1365 2533 1386 2554 2
1403 2524 1482 2559 Cor.
1500 2518 1551 2566 xi}

156 2589 215 2620 29.
247 2594 293 2602 —-
312 2577 432 2621 EpheS.
454 2587 498 2617 ιν,
521 2589 573 2611 12.
600 2598 642 2604 —
657 2577 672 2602 6
689 2580 772 2612 Psal.
792 2589 902 2617 cxxvi,
927 2589 962 2616 ι,

1364 2630 1408 2675 6.
