1894 3154
275 223 367 278 214
704 236 737 267 S.
782 234 1025 265 AUGUSTINI
1060 235 1265 265 EPISCOPI

279 304 582 366 obtemperent
607 300 814 364 Apostolo
826 299 1121 364 praecipienti,
1145 317 1246 345 cum
1272 299 1486 360 ejusmodi
1506 317 1585 347 nec
1600 301 1656 347 01-

275 377 383 422 bum
404 372 532 419 simul
551 387 734 427 sumere,
759 387 860 416 curn
883 381 925 415 et
964 370 1017 416 de
1037 370 1136 415 filiis
1159 370 1245 415 suis
1269 380 1311 416 et
1337 369 1390 415 de
1418 369 1548 416 domo
1571 388 1656 434 pa-

281 446 342 492 cis
378 443 489 498 110οζ
511 442 679 488 faciunt
712 441 780 487 vel
802 440 893 486 fieri
913 441 1095 500 juhent3
1122 457 1221 485 cum
1247 457 1316 486 eos
1335 440 1484 486 vident
1509 440 1568 486 ita
1592 440 1662 486 vi-

281 531 396 568 vere,
417 523 466 559 ut
486 513 574 558 hoc
588 513 647 557 eis
669 528 756 556 esse
772 511 1020 571 faciendum
1035 510 1126 573 ipsa
1148 527 1279 573 quam
1304 510 1494 555 liabetur
1516 512 1560 556 in
1586 528 1661 556 eos

275 584 465 634 charitas
490 591 699 641 suggerat.
724 581 874 626 Turba
898 591 1041 626 autem
1059 580 1334 644 iniquorum,
1355 597 1455 626 cum
1473 580 1657 626 facultas

280 666 343 701 est
364 654 410 700 in
422 651 598 715 populis
616 650 846 714 promendi
860 667 1117 707 sermonem,
1145 650 1329 710 generali
1358 650 1662 711 obiurgatione

279 722 472 770 ferienda
492 731 570 777 est,
590 731 631 766 et
653 721 835 766 maxime
851 721 883 766 si
903 721 1173 766 occasionem
1200 730 1329 784 atque
1348 722 1661 784 opportunita-

281 805 376 841 tem
401 791 640 856 praebuerit
671 790 848 853 aliquod
873 791 1052 836 Domini
1083 790 1301 850 flagellum
1328 790 1512 854 desuper
1533 828 1544 849 ,
1576 808 1663 855 quo

284 880 357 910 eos
381 871 589 926 appareat
612 877 694 924 pro
713 861 799 906 suis
820 861 982 906 meritis
1006 860 1227 924 vapulare.
1254 862 1381 906 Tunc
1402 862 1516 906 euim
1541 878 1664 907 aures

282 932 470 980 humiles
495 931 666 994 praebet
691 931 986 976 emendatorio
1022 931 1210 976 sermoni
1238 931 1459 977 calamitas
1488 931 1666 977 audito-

283 1021 408 1058 rum,
438 1001 692 1065 faciliusque
711 1001 755 1046 in
780 1001 987 1061 gemitum
1013 1001 1249 1046 confitendi
1285 1018 1419 1064 quam
1456 1001 1501 1046 111
1540 1018 1665 1046 mur-

286 1090 413 1120 mura
437 1071 659 1117 resistendi
682 1070 845 1117 afflicta
865 1071 998 1117 corda
1022 1071 1248 1134 compellit
1273 1089 1282 1116 :
1310 1071 1423 1116 sicut
1441 1081 1547 1116 tunc
1566 1072 1667 1116 hea-

287 1155 357 1190 tus
385 1141 634 1205 Cyprianus
656 1141 710 1186 de
737 1141 911 1200 collegis
935 1141 1021 1186 suis
1055 1140 1231 1186 fortasse
1255 1140 1329 1186 illa
1353 1158 1440 1186 non
1482 1141 1663 1197 diceret,

295 1212 374 1260 nisi
400 1230 500 1258 eum
524 1211 708 1275 desuper
734 1211 880 1258 divina
906 1212 1106 1258 severitas
1144 1211 1381 1272 adjuvaret.
1420 1213 1482 1257 Eo
1505 1213 1672 1277 quippe

292 1301 487 1352 tempore
511 1287 586 1332 illa
609 1286 785 1332 dicebat
810 1297 900 1333 tam
921 1287 1098 1333 molesto
1114 1325 1124 1343 ,
1154 1298 1241 1333 tam
1268 1287 1518 1333 calamitoso
1543 1299 1672 1353 atque

287 1360 506 1413 luctuoso,
530 1367 578 1402 ut
600 1356 664 1402 illi
686 1374 774 1402 11011
793 1357 931 1403 solum
953 1374 1207 1403 succensere
1232 1375 1320 1403 non
1345 1358 1570 1415 auderent,
1598 1358 1672 1404 secl

300 1430 429 1480 etiam
442 1428 511 1473 vix
529 1445 552 1473 a
564 1428 916 1473 succensentibus
926 1429 1094 1474 veniam
1108 1446 1150 1474 se
1168 1446 1290 1492 posse
1306 1429 1538 1491 impetrare
1549 1429 1674 1474 senti-

296 1510 406 1546 rent.
427 1499 692 1561 Quanquam
706 1498 784 1543 etsi
800 1499 920 1544 nulla
939 1499 1159 1544 calamitas
1175 1499 1468 1544 tribulationis
1483 1509 1668 1562 premat,

290 1587 395 1616 cum
434 1568 620 1614 facultas
641 1567 800 1624 datur,
843 1568 1007 1614 utiliter
1030 1569 1267 1632 corripitur
1295 1570 1339 1614 in
1384 1569 1668 1615 multitudine

298 1637 536 1685 multitudo
567 1656 577 1683 :
597 1656 698 1684 nam
719 1639 831 1684 sicut
853 1650 1049 1703 separata
1065 1641 1230 1697 saevire,
1251 1640 1310 1685 sic
1328 1640 1373 1685 in
1390 1640 1482 1703 ipsa
1501 1657 1676 1699 congre-

298 1709 469 1769 gatione
486 1709 715 1770 obiurgata
734 1726 899 1769 gemere
915 1711 1152 1756 consuevit.
1182 1711 1479 1766 Quamobrem
1501 1720 1542 1755 01
1567 1709 1677 1755 illud

298 1789 571 1843 praeceptum
595 1780 791 1841 Apostoli
811 1779 930 1825 nullo
966 1780 1096 1825 modo
1119 1780 1426 1840 negligendum
1449 1791 1508 1825 est
1524 1818 1534 1836 ,
1576 1797 1677 1825 cum

300 1850 390 1895 sine
413 1848 609 1912 periculo
637 1849 855 1895 violandae
893 1851 1011 1913 pacis
1033 1852 1125 1896 fieri
1161 1862 1331 1913 potest;
1359 1852 1459 1914 quia
1483 1868 1561 1896 1100
1588 1852 1680 1914 ipse

304 1918 425 1965 aliter
451 1919 542 1963 fieri
568 1917 724 1974 voluit,
752 1929 801 1964 ut
821 1937 843 1965 a
865 1921 1195 1979 congregatione
1220 1921 1436 1966 bonorum
1459 1931 1680 1983 separetur

304 1989 444 2034 malus
466 2006 476 2033 z
501 1999 542 2034 et
565 1988 755 2048 ejusdem
786 1989 895 2035 illud
929 1991 1155 2054 praecipue
1182 1991 1493 2036 attendendum
1520 2002 1605 2046 est,
1634 2001 1681 2036 ut

305 2060 552 2105 sufferentes
592 2059 779 2104 invicem
823 2060 1072 2106 studeamus
1108 2078 1272 2107 servare
1303 2062 1513 2107 unitatem
1548 2062 1681 2125 spiri-

309 2141 378 2180 tus
396 2130 442 2175 111
461 2129 638 2176 vinculo
669 2131 804 2193 pacis.
837 2133 947 2176 Item
971 2133 1160 2177 Domino
1179 2133 1223 2178 111
1250 2133 1481 2192 Evangelio
1500 2132 1679 2188 dicenti,

307 2201 352 2247 in
375 2199 450 2245 illo
480 2199 782 2262 obtemperare
802 2201 1010 2247 debemus
1033 2202 1110 2246 ubi
1132 2203 1219 2247 ait:
1244 2223 1264 2243 «
1293 2203 1338 2247 Si
1365 2219 1502 2266 neque
1528 2202 1683 2247 Eccle-

309 2291 330 2312 »
355 2269 460 2314 siam
499 2268 700 2324 audierit,
736 2270 790 2315 sit
822 2271 903 2316 tibi
945 2282 1149 2334 tanquam
1179 2272 1379 2317 ethnicus
1413 2283 1454 2317 01
1476 2272 1686 2335 publica-

308 2360 328 2380 »
353 2337 464 2383 nus1
485 2355 494 2382 :
526 2338 754 2384 »011111110
777 2340 852 2385 ubi
876 2341 1262 2403 proliibuitcolligi
1281 2342 1460 2391 zizania.
1486 2358 1538 2385 110
1558 2341 1687 2386 simul

308 2407 547 2454 eradicetur
566 2419 606 2452 ct
626 2409 820 2454 triticum
840 2411 873 2457 2.
906 2413 1050 2456 Potest
1083 2411 1197 2456 enim
1224 2421 1460 2473 utrumque
1479 2410 1687 2456 custodiri

366 2491 375 2513 ¹
395 2489 513 2522 Manli.
535 2502 634 2533 xviii,
657 2502 710 2530 17-
731 2503 775 2516 -ὲ-
801 2491 816 2514 ²
840 2494 888 2527 Id.
910 2506 983 2534 xm,
1002 2506 1053 2536 29.
