1894 3154
331 265 387 297 DE
423 265 641 299 BAPTISMO
676 266 850 299 CONTRA
883 266 1174 312 DONATISTAS,
1215 271 1302 305 LIB.
1343 273 1404 306 IV.
1479 261 1566 309 321

205 348 284 378 cur
305 350 393 379 non
411 344 452 378 et
470 343 584 379 extra
602 332 783 379 hortum
810 334 954 396 potuit
978 351 1152 381 manare
1185 336 1280 383 fons
1311 339 1503 389 Christi?
1530 344 1576 390 Si

203 414 344 449 autem
365 422 453 450 non
476 405 649 467 potuit,
678 403 794 449 unde
823 404 869 448 in
893 405 961 450 his
981 405 1057 468 qui
1080 406 1196 452 intus
1217 420 1338 454 erant
1357 412 1484 458 etiam
1502 414 1576 477 ip-

204 473 289 519 sius
316 474 499 537 apostoli
523 474 648 520 Pauli
661 473 930 537 temporibus
958 486 1131 522 tantum
1147 477 1311 524 malum
1333 501 1352 521 α
1371 482 1573 540 Invidiae,

202 553 244 588 et
277 545 500 591 malevolae
535 544 839 590 dissensionis?
860 566 880 585 »
917 545 1025 591 Haec
1056 547 1170 592 enim
1206 548 1340 595 verba
1367 552 1580 615 Cypriani

202 625 317 661 sunt.
347 617 415 661 An
436 614 546 661 forte
565 614 729 661 invidia
752 625 794 660 et
815 614 1023 661 malevola
1046 616 1251 663 dissensio
1275 635 1463 681 parvum
1482 640 1581 669 ma-

202 682 294 729 lum
318 688 408 731 est?
436 684 669 741 Quomodo
694 701 794 744 ergo
829 684 898 730 isti
931 696 1054 731 erant
1082 686 1129 731 in
1158 688 1345 745 unitate,
1385 692 1460 754 qui
1494 710 1582 739 non

202 765 323 800 erant
343 755 389 800 in
411 758 552 818 pace?
573 755 662 801 Vox
682 755 797 799 enim
817 771 905 800 non
927 772 1020 802 mea
1045 767 1120 802 aut
1151 757 1333 819 alicujus
1361 761 1551 809 hominis
1567 801 1579 820 9

203 825 275 871 sed
305 826 440 889 ipsius
465 825 670 880 Domini3
708 842 788 871 nec
819 842 898 888 per
930 826 1154 884 homines,
1190 828 1262 874 sed
1286 847 1365 892 per
1400 834 1583 893 Angelos

202 896 346 941 sonuit
368 907 468 942 nato
492 896 667 942 Christo
695 913 705 940 ε
731 916 751 937 «
772 896 924 941 Gloria
942 897 986 942 in
1010 897 1181 943 excelsis
1204 899 1295 944 Deo
1313 937 1323 956 ‚
1345 903 1448 947 etin
1470 915 1582 949 terra

202 987 223 1007 >2
242 984 326 1029 pax
351 967 605 1012 hominibus
628 967 760 1011 bonae
785 966 1021 1012 voluntatis
1035 967 1067 1014 ¹1.
1096 989 1116 1009 >2
1142 968 1274 1024 Quod
1307 971 1456 1034 utique
1479 984 1582 1019 nato

201 1035 246 1082 in
266 1036 389 1082 terris
412 1037 590 1082 Christo
612 1053 701 1081 non
723 1046 894 1082 sonaret
913 1054 985 1082 ore
1005 1037 1219 1098 angelico,
1253 1040 1334 1085 nisi
1354 1041 1468 1087 Deus
1496 1043 1582 1089 hoc

201 1105 329 1152 vellet
353 1106 535 1166 intelligi
553 1143 564 1162 ,
591 1123 660 1151 eos
686 1123 772 1152 esse
799 1106 845 1151 in
873 1108 1036 1152 unitate
1068 1109 1263 1171 corporis
1285 1110 1480 1167 Christi,
1507 1113 1585 1176 qui

203 1185 303 1220 sunt
320 1175 367 1220 in
386 1192 493 1238 pace
512 1175 677 1221 Christi
700 1192 711 1220 ε
739 1191 808 1220 eos
828 1187 973 1221 autem
993 1193 1078 1222 esse
1097 1177 1142 1222 in
1169 1195 1276 1240 pace
1297 1179 1485 1238 Christi,
1507 1184 1583 1245 qui

203 1255 301 1290 sunt
325 1246 454 1291 bonae
481 1246 733 1292 voluntatis.
765 1247 902 1291 Porro
932 1248 1044 1292 sicut
1072 1247 1118 1292 in
1139 1248 1439 1297 benevolentia
1463 1253 1582 1299 bona

201 1314 402 1362 voluntas
420 1351 431 1372 ,
459 1315 519 1360 sic
539 1316 585 1360 in
607 1314 911 1361 malevolentia
937 1317 1049 1362 mala
1073 1317 1274 1363 voluntas
1293 1330 1378 1366 est..

267 1386 346 1433 Xl.
388 1386 484 1431 Jam
508 1402 610 1432 vero
633 1386 727 1448 ipsa
758 1385 948 1443 invidia,
978 1404 1078 1451 quae
1108 1405 1195 1433 non
1219 1399 1362 1452 potest
1392 1408 1477 1437 esse
1500 1394 1582 1440 nisi

202 1456 414 1504 malevola
430 1494 441 1513 ,
480 1467 694 1520 quantum
725 1456 890 1502 malum
927 1461 1021 1504 est?
1057 1459 1156 1504 Non
1194 1477 1439 1523 quaeramus
1478 1464 1582 1511 alios

201 1537 327 1572 testes
348 1545 358 1572 z
377 1527 535 1572 sufficit
549 1527 674 1572 nobis
689 1527 780 1590 ipse
804 1528 1072 1591 Cyprianus,
1094 1547 1172 1592 per
1189 1548 1318 1593 quem
1338 1542 1427 1578 tam
1442 1534 1579 1581 multa

202 1596 256 1643 de
275 1597 365 1643 zelo
389 1608 431 1643 et
453 1597 587 1643 livore
617 1598 830 1643 Dominus
853 1599 1124 1645 veracissima
1150 1601 1369 1659 intonuit,
1396 1614 1437 1648 et
1456 1605 1577 1651 salu-

200 1668 298 1713 bria
313 1668 540 1732 praecepit.
570 1670 783 1727 Legamus
801 1685 900 1728 ergo
923 1669 1166 1732 Epistolam
1187 1671 1398 1734 Cypriani
1419 1673 1471 1720 de
1487 1676 1577 1722 zelo

201 1749 242 1784 et
257 1739 391 1785 livore
407 1776 418 1795 ,
445 1749 487 1784 et
503 1738 725 1785 videamus
750 1750 965 1802 quantum
990 1740 1154 1786 malum
1183 1741 1237 1787 sit
1266 1743 1460 1790 invidere
1483 1763 1577 1792 me-

200 1808 412 1865 lioribus,
448 1812 572 1869 cujus
605 1808 709 1854 mali
740 1809 949 1868 originem
983 1810 1038 1855 ab
1064 1811 1160 1874 ipso
1195 1811 1372 1859 diaholo
1395 1816 1578 1862 extitisse

201 1879 539 1925 memorabiliter
566 1878 693 1925 docet
720 1896 731 1924 t
756 1900 776 1920 «
795 1879 943 1925 Zelare
962 1918 972 1936 ,
997 1880 1165 1944 inquit,
1189 1883 1308 1945 quod
1326 1885 1495 1932 bonum
1514 1888 1576 1934 vi-

201 1948 326 2005 deas,
364 1960 406 1995 et
432 1949 624 1994 invidere
658 1948 912 1995 melioribus
932 1987 943 2006 ,
977 1950 1069 1997 leve
1106 1953 1226 2015 apud
1254 1954 1496 2017 quosdam,
1534 1969 1576 2004 et

199 2019 425 2066 modicum
449 2020 615 2065 crimen
637 2019 811 2066 videtur
826 2057 836 2076 ‚
864 2020 1016 2067 fratres
1053 2022 1335 2071 dilectissimi.
1362 2047 1382 2067 ))
1407 2028 1574 2074 Deinde

199 2091 333 2154 paulo
356 2102 481 2154 post,
506 2108 607 2136 cum
631 2094 722 2150 ejus
745 2090 846 2136 mali
870 2102 1005 2154 caput
1026 2102 1154 2156 atque
1174 2094 1380 2153 originem
1400 2114 1573 2159 quaere-

201 2172 265 2208 ret
284 2179 296 2207 t
320 2182 340 2202 (ι
360 2161 476 2206 Hinc
500 2160 702 2206 diabolus
718 2197 729 2216 ,
750 2160 919 2223 inquit,
947 2162 1059 2207 inter
1080 2164 1203 2209 initia
1221 2165 1365 2210 statim
1385 2168 1538 2214 mundi
1557 2207 1568 2227 ,

201 2243 242 2278 et
267 2231 397 2295 periit
424 2230 592 2294 primus
616 2240 658 2275 et
686 2230 891 2294 perdidit.
917 2252 937 2272 ›>
969 2232 1025 2276 Et
1051 2233 1184 2295 paulo
1216 2245 1345 2297 post:
1386 2257 1406 2279 c<
1433 2238 1574 2295 Quale

199 2303 365 2348 malum
384 2313 467 2358 est,
494 2301 659 2365 inquit,
689 2302 839 2348 fratres
865 2302 1129 2350 dilectissimi
1150 2342 1160 2360 ‚
1186 2322 1273 2368 quo
1300 2308 1475 2368 angelus
1500 2328 1574 2357 ce-

201 2373 330 2430 cidit,
356 2390 443 2437 quo
467 2372 772 2419 circumveniri
808 2383 850 2418 et
875 2373 1070 2419 subverti
1095 2375 1178 2421 alta
1199 2376 1274 2422 illa
1293 2388 1334 2423 et
1360 2381 1575 2443 praeclara

202 2443 444 2489 sublimitas
469 2443 642 2507 potuit,
679 2460 768 2506 quo
807 2441 1016 2506 deceptus
1041 2455 1102 2490 est
1133 2446 1225 2509 ipse
1257 2449 1333 2511 qui
1369 2449 1572 2515 decepit?

203 2514 366 2561 Exinde
387 2514 551 2562 invidia
573 2525 790 2576 grassatur
812 2513 858 2559 in
882 2514 1005 2562 terris
1025 2552 1038 2573 ‚
1074 2515 1182 2564 dum
1203 2517 1338 2568 livore
1357 2523 1576 2586 periturus

254 2601 265 2623 ¹
281 2603 358 2635 Luc.
376 2611 415 2640 ιι,
435 2606 488 2637 14·

363 2667 579 2702 CXXXVIII.
1392 2675 1446 2707 21
