1894 3154
348 287 522 319 comma
555 286 802 319 ErrsroLAM
841 285 1139 328 mmmmm,
1178 287 1263 319 Lm.
1306 288 1336 319 1.
1452 271 1536 322 1‘25

170 351 368 417 quinatas
395 352 617 408 dicerent,
644 368 743 416 quae
768 370 847 399 nec
871 352 1096 399 Caeciliani
1119 368 1273 399 nomen
1301 353 1531 403 audissent.

172 425 355 487 Insuper
372 424 500 469 etiam
519 433 671 469 contra
691 425 842 470 orbem
862 435 1072 470 terrarum
1092 462 1103 475 ,
1126 424 1342 470 dicentem
1370 442 1381 470 :
1410 426 1542 482 Quod

172 493 341 539 civibus
366 494 449 539 tuis
469 493 624 553 objicis
641 531 652 550 ,
684 511 763 540 nec
793 512 1047 554 cognoscere
1064 495 1188 557 potui
1205 531 1215 550 ‚
1241 512 1319 540 nec
1337 494 1542 542 damnare

170 563 440 622 incognitum
475 563 609 608 debui
647 564 661 624 (
678 574 752 609 ant
781 575 894 609 certe
919 564 1142 627 quomodo
1179 581 1220 609 se
1249 564 1430 609 haberet
1453 568 1544 624 ejus

170 633 258 678 vita
274 670 285 688 ‚
307 650 439 696 quam
461 644 604 679 tamen
621 633 690 679 isti
709 633 763 679 de
780 634 901 680 nullo
919 634 1100 680 crimine
1119 634 1452 690 convincerunt‚
1473 635 1544 680 ille

175 714 380 767 tanquam
426 705 632 749 innocens
673 704 858 750 audisset
880 707 895 763 χ)
921 742 931 761 ,
987 704 1213 767 proferunt
1250 705 1544 750 testimonium

174 774 372 837 Apostoli
398 774 580 820 dicentis
601 792 612 819 ε
635 797 654 816 «
673 777 771 820 Non
792 776 931 820 solum
953 776 1028 838 qui
1049 774 1216 820 faciunt
1231 792 1278 820 ea
1292 811 1304 831 ,
1327 775 1400 820 sed
1415 776 1542 820 etiam

175 865 195 885 2)
214 843 291 906 qui
310 845 585 889 consentiunt
617 844 918 891 facientibus1.
939 867 958 886 n
983 846 1225 890 Parum-ne
1244 844 1302 889 eis
1324 843 1408 889 fuit
1424 855 1486 889 tot
1507 855 1548 890 et

176 924 315 959 tantos
330 914 600 959 Christianos
621 915 811 978 populos
831 915 1037 960 damnare
1055 914 1272 959 inauditos
1287 951 1298 970 ‚
1318 914 1399 959 nisi
1417 914 1546 960 etiam

176 995 326 1029 contra
364 985 620 1047 Apostolum
648 986 791 1048 ipsum
828 989 918 1044 ejus
950 985 1125 1047 quidem
1156 984 1288 1029 verba
1308 1021 1319 1040 ,
1353 985 1426 1030 sed
1459 1002 1545 1030 non

175 1057 264 1114 ejus
296 1054 561 1100 intellectum
595 1054 848 1118 depromere
871 1054 1109 1100 auderent?
1149 1055 1193 1100 Si
1225 1054 1340 1100 enim
1371 1055 1456 1100 hoc
1487 1066 1548 1101 est

178 1124 418 1170 consentire
454 1123 857 1178 malefacientibus,
899 1142 984 1170 esse
1019 1142 1120 1170 cum
1160 1125 1217 1170 eis
1250 1125 1293 1169 in
1330 1125 1547 1183 Ecclesia,

179 1194 472 1239 consentiebat
499 1194 628 1241 etiam
663 1195 754 1258 ipse
786 1194 902 1239 falsis
938 1193 1205 1250 fratribus'2,
1236 1194 1348 1239 inter
1376 1211 1484 1257 quos
1507 1212 1549 1240 se

178 1264 415 1327 periclitari
437 1265 785 1319 contestabatur,
813 1275 854 1310 et
874 1282 981 1328 quos
1007 1282 1094 1309 non
1123 1275 1238 1310 caste
1253 1301 1264 1320 ‚
1287 1264 1359 1310 sed
1379 1282 1458 1327 per
1477 1265 1550 1310 in-

178 1334 341 1380 vidiam
369 1335 459 1380 sine
483 1336 695 1382 charitate
719 1336 1009 1399 praedicantes
1043 1336 1322 1395 Evangelium
1341 1373 1352 1391 ‚
1385 1335 1555 1399 praedi-

181 1423 276 1450 care
294 1416 436 1451 tamen
457 1406 716 1469 permittit3.
743 1407 786 1451 Si
810 1417 952 1451 autem
976 1406 1086 1451 nihil
1103 1417 1164 1452 est
1180 1405 1297 1451 aliud
1313 1407 1554 1451 consentire

182 1475 552 1521 malefacientibus
569 1513 579 1532 ‚
608 1476 690 1521 nisi
713 1476 826 1521 mala
844 1476 959 1522 facta
980 1493 1128 1521 eorum
1158 1476 1404 1538 approbare
1423 1486 1556 1539 atque

182 1545 392 1591 laudarze
424 1547 617 1609 exemplo
645 1546 866 1609 Apostoli.
895 1546 1012 1591 orbis
1033 1556 1240 1591 tertarum
1259 1563 1347 1591 non
1369 1563 1554 1591 consen-

184 1617 284 1661 tiret
306 1616 563 1661 criminibus
604 1616 835 1671 Afrorum
869 1616 1034 1660 etiamsi
1060 1633 1107 1661 ea
1132 1616 1305 1675 coo-nita
1336 1633 1417 1678 pro
1447 1633 1556 1679 pace

185 1685 392 1731 Ecclesiae
420 1685 641 1739 toleraret
677 1703 805 1749 quem
835 1696 980 1730 tamen
1009 1703 1055 1730 ea
1093 1685 1341 1745 cognovisse
1367 1685 1436 1730 isti
1469 1702 1557 1730 non

185 1757 402 1820 probant,
426 1757 591 1801 etiamsi
610 1774 708 1802 Vera
731 1755 861 1801 fuisse
879 1757 1066 1818 probare
1088 1756 1341 1818 potuissent.

251 1826 324 1872 Vl.
358 1828 531 1871 Frustra
552 1827 696 1889 itaque
721 1826 828 1872 dicit
847 1827 1154 1871 Parmenianus
1179 1844 1189 1870 ς
1219 1847 1239 1867 <c
1260 1827 1494 1871 Damnatos
1510 1824 1555 1871 in

189 1897 332 1943 Africa
358 1897 584 1942 traditores
616 1898 661 1942 in
687 1897 952 1943 consortium
985 1896 1274 1942 damnationis
1304 1906 1504 1959 acceptos
1534 1914 1558 1941 a

188 1966 424 2031 provinciis
444 1967 750 2031 transmarinis.
773 1990 792 2008 n
812 1968 906 2012 Hoc
928 1967 1039 2012 enim
1059 1977 1119 2011 est
1138 1966 1257 2030 qnod
1278 1965 1451 2012 credere
1471 1983 1559 2011 non

193 2038 401 2083 debemus
420 2075 429 2093 ‚
456 2055 508 2082 ne
535 2038 771 2083 temeritate
792 2037 993 2097 sacrilega
1017 2048 1157 2082 totum
1179 2038 1328 2082 orbem
1350 2047 1564 2082 terrarum

188 2107 234 2152 in
255 2107 420 2152 Christi
449 2108 610 2152 unitate
639 2107 870 2153 fundatum
889 2144 899 2163 ,
931 2124 977 2151 ex
1011 2107 1194 2152 istorum
1220 2106 1325 2151 falsa
1351 2106 1564 2151 crimina-

192 2177 307 2222 tione
337 2177 588 2222 damnemus
606 2214 616 2233 ,
648 2178 791 2240 potins
814 2194 945 2241 quam
972 2194 1021 2221 ex
1043 2194 1141 2222 vera
1177 2176 1256 2221 Dei
1281 2175 1568 2238 promissione

192 2246 434 2307 diligamus.
467 2247 585 2304 Quid
607 2247 722 2292 enim
749 2248 880 2306 magis
902 2246 1170 2292 credendum
1200 2256 1261 2290 est
1279 2283 1290 2301 ,
1318 2244 1438 2308 quod
1462 2245 1568 2291 dixit

193 2321 310 2363 Deus
333 2335 344 2362 t
365 2340 384 2359 a<
406 2319 455 2363 In
473 2319 629 2362 semine
648 2329 724 2363 tuo
748 2317 1060 2363 benedicentur
1077 2334 1222 2361 omnes
1239 2315 1414 2376 gentesl*
1439 2333 1450 2361 :
1475 2337 1495 2358 ›>
1515 2333 1571 2361 an

193 2388 312 2452 qued
337 2388 405 2433 isti
430 2388 583 2434 dicunt
607 2406 618 2434 ε
646 2410 666 2430 «
688 2390 737 2433 In
763 2388 920 2433 semine
944 2387 1203 2432 traditorum
1231 2386 1435 2432 Afrorum
1465 2403 1562 2431 ma-

196 2458 445 2504 ledicuntur
466 2476 613 2504 omnes
645 2469 788 2519 gentes
810 2476 820 2502 ε
846 2479 866 2499 »
887 2468 934 2503 ut
959 2457 1056 2520 plus
1086 2457 1226 2503 valeat
1249 2455 1369 2520 quod
1392 2455 1572 2501 commi-

249 2557 256 2577 ¹
274 2560 365 2589 nom.
386 2569 413 2592 ι,
429 2559 482 2588 32.
500 2575 541 2580 —
557 2555 571 2577 ²
587 2568 603 2587 2
625 2560 698 2589 Cor.
726 2567 772 2598 xv,
792 2557 904 2586 26.-
928 2554 941 2577 3
957 2555 1075 2599 Philip.
1110 2567 1137 2594 1,
1175 2557 1228 2586 15.
1244 2572 1289 2579 —-
1306 2553 1322 2577 4
1350 2557 1432 2589 Gen>
1457 2565 1518 2594 ΧΠ,
1540 2557 1557 2586 3

204 2621 300 2653 nur,
325 2612 376 2648 18,
392 2616 420 2642 ct
438 2621 520 2648 xxvi,
537 2616 568 2647 4.
