1894 3154
321 233 409 267 122
737 241 773 271 S.
814 240 1059 271 AUGUSTINI
1095 240 1298 272 EPISCOPI

314 313 500 364 exponat
521 303 769 366 Apostolus.
801 327 822 346 «
845 306 1036 351 Abrahae
1053 343 1064 361 ‚
1099 306 1242 368 inquit
1257 343 1267 361 ‚
1300 305 1432 351 dictae
1456 317 1556 352 sunt
1581 323 1691 370 pro-

314 372 571 419 »missiones
603 386 645 420 et
677 376 829 421 semini
860 381 985 435 ejus:
1018 393 1107 421 non
1138 376 1246 421 dicit
1282 395 1292 421 ε
1334 376 1389 421 Et
1423 376 1688 433 seminibus,

316 463 336 483 »
356 452 565 505 tanquam
579 444 625 489 in
643 445 814 499 multis3
838 446 912 491 sed
932 456 1138 508 tanquam
1154 445 1197 490 in
1217 462 1302 490 uno
1322 462 1333 490 :
1356 447 1410 490 Et
1425 446 1575 492 semini
1596 457 1688 503 tuo,

314 532 335 554 »
358 512 475 575 quod
493 524 554 558 est
577 514 776 560 Christus
793 515 830 561 ¹1.
853 537 873 557 ›>
897 517 950 560 In
974 516 1150 561 Christo
1176 532 1276 574 ergo
1296 533 1441 561 omnes
1458 526 1600 575 gentes
1617 517 1693 562 be-

314 582 604 629 nedictionem
624 584 852 631 habituras
869 623 879 642 ‚
907 597 1025 631 tanta
1052 587 1306 632 auctoritate
1329 586 1591 649 promissum
1610 597 1688 643 est,

316 663 435 697 tanta
463 654 706 700 exhibitum
727 656 930 711 veritate,
958 668 999 702 et
1030 656 1340 702 contradicunt
1369 657 1446 719 qui
1473 674 1513 702 se
1535 657 1692 702 Chris-

317 721 454 767 tianos
480 722 568 767 dici
591 723 757 771 volunt.
793 726 847 770 Et
871 736 1023 771 contra
1047 726 1133 770 hoc
1149 725 1258 788 quid
1279 729 1544 788 opponunt?
1570 746 1590 766 «
1613 730 1693 771 Le-

317 792 513 851 gatione‚
547 794 631 850 ait,
663 794 805 840 functi
824 795 1006 859 quidam
1038 795 1275 840 fidelissimi
1300 805 1423 839 testes
1453 794 1506 839 ad
1525 794 1692 840 easdem

313 861 563 924 provincias
581 876 792 910 venerunt
815 883 824 910 :
844 865 944 911 dein
963 865 1180 925 geminato
1202 864 1391 909 adventu
1408 865 1693 910 sanctissimo-

316 947 415 975 rum
440 933 618 978 Domini
641 935 940 991 sacerdotum,
968 934 1160 981 dilucide
1180 972 1190 990 ,
1215 934 1385 997 plenius
1403 951 1451 979 ac
1475 935 1616 980 verius
1632 946 1695 980 est

314 1000 609 1064 publicatum.
632 1026 651 1046 »
679 1005 799 1061 Quid
818 1043 828 1061 ,
867 1022 1013 1069 quaeso
1039 1016 1078 1050 te
1097 1042 1107 1059 ,
1151 1005 1258 1067 quid
1293 1022 1372 1067 per
1400 1005 1516 1067 ipsos
1548 1004 1694 1050 fideles

316 1082 441 1117 testes
460 1109 470 1128 ‚
496 1090 605 1135 quos
627 1075 758 1121 vultis
783 1078 873 1122 Deo
893 1094 979 1122 esse
1003 1076 1217 1122 fideliores
1234 1112 1245 1131 ,
1275 1075 1383 1138 quid
1413 1074 1693 1137 publicatum

317 1143 407 1186 est?
434 1143 499 1186 An
521 1144 623 1205 quia
645 1161 726 1206 per
751 1145 876 1191 Afros
899 1146 1128 1191 traditores
1150 1162 1293 1190 semen
1321 1144 1512 1190 Abrahae
1530 1181 1542 1199 ,
1573 1145 1695 1207 quod

317 1220 378 1255 est
404 1210 605 1258 Christus
620 1251 630 1270 ,
650 1232 738 1260 non
760 1227 821 1261 est
839 1216 1094 1279 permissum
1120 1215 1346 1279 pervenire
1371 1231 1504 1277 usque
1522 1214 1576 1260 ad
1597 1232 1694 1260 om-

316 1298 389 1326 nes
416 1293 585 1341 gentes,
625 1296 666 1329 et
695 1286 759 1331 ibi
787 1287 950 1332 exaruit
984 1304 1072 1349 quo
1109 1287 1392 1349 pervenerat?
1428 1285 1569 1330 Dicite
1600 1290 1691 1345 jam

315 1349 487 1409 collegis
514 1353 663 1398 vestris
699 1356 832 1414 magis
864 1356 1131 1401 credendum
1159 1372 1244 1400 esse
1280 1371 1412 1417 quam
1437 1364 1689 1400 testamento

314 1420 395 1465 Dei
420 1438 430 1464 ε
457 1432 498 1466 et
522 1421 608 1468 hoc
626 1423 815 1471 dicentes
834 1463 844 1482 ‚
872 1426 1018 1489 ipsum
1050 1435 1352 1470 testamentum
1372 1441 1446 1469 vos
1471 1441 1493 1468 a
1514 1423 1689 1470 flamma

316 1507 585 1537 conservasse
610 1494 880 1553 gloriamini,
910 1495 1029 1559 quod
1054 1496 1202 1554 lingua
1224 1493 1364 1539 delere
1387 1493 1620 1540 conamini.

382 1561 464 1607 ΙΙΙ.
497 1563 581 1608 Sed
603 1565 731 1624 eligat
751 1567 935 1629 quisque
953 1566 1071 1628 quod
1099 1565 1272 1628 placet3
1299 1575 1340 1608 et
1364 1563 1398 1608 si
1421 1574 1573 1609 contra
1598 1581 1693 1610 coe-

315 1632 435 1677 lestia
456 1633 632 1693 fulgura
652 1636 868 1682 mendacii
900 1637 1057 1681 terreni
1087 1636 1233 1681 fumus
1261 1633 1426 1696 aliquid
1454 1633 1689 1696 praevalet,

313 1702 490 1747 dimisso
517 1703 629 1749 coelo
648 1717 871 1751 evanescat
888 1707 930 1751 in
961 1717 1123 1752 ventos.
1166 1706 1211 1750 Si
1235 1704 1350 1750 enim
1378 1704 1694 1749 parmenianus

312 1772 534 1833 cathedrae
559 1791 648 1819 suae
674 1793 761 1820 non
784 1775 947 1821 faveret
963 1813 974 1831 ‚
1003 1777 1138 1836 magis
1156 1775 1328 1834 eligeret
1352 1774 1596 1836 Scripturae
1615 1774 1694 1819 Dei

315 1841 487 1887 credere
509 1860 641 1905 quam
670 1844 843 1904 collegis
870 1846 970 1892 suis.
1014 1848 1131 1891 Deus
1150 1846 1265 1890 enim
1288 1845 1396 1889 dicit
1427 1843 1480 1888 ad
1516 1844 1656 1890 Jacob
1679 1862 1689 1889 :

315 1934 335 1953 «
360 1912 457 1956 Non
480 1913 723 1975 relinquam
759 1926 821 1969 te,
849 1915 988 1960 donec
1016 1914 1173 1961 faciam
1199 1931 1298 1977 quae
1318 1914 1491 1959 locutus
1509 1931 1602 1959 sum
1628 1925 1694 1959 te-

315 2004 335 2023 »
354 1982 502 2028 001112.
532 2005 552 2024 »
574 1983 682 2028 Istos
709 1995 852 2029 autem
873 1984 1010 2030 multo
1033 1996 1094 2030 est
1116 1985 1265 2048 utique
1290 1983 1567 2040 credibilius,
1591 1984 1693 2046 quia

309 2056 400 2112 jam
416 2055 533 2111 justo
549 2052 718 2111 judicio
741 2052 912 2099 fuerant
929 2055 1168 2117 improbati
1184 2092 1194 2107 ‚
1221 2054 1275 2099 ad
1297 2053 1554 2099 sociandum
1571 2071 1695 2099 com—

313 2123 563 2167 munionem
595 2122 640 2166 in
671 2122 755 2168 illis
788 2124 1016 2186 partibus,
1057 2125 1134 2169 ubi
1167 2127 1260 2182 jam
1303 2124 1418 2168 Deus
1445 2123 1696 2186 complebat

315 2190 433 2253 quod
463 2192 720 2253 promiserat
744 2193 948 2238 Patribus
964 2231 974 2249 ,
998 2210 1086 2238 non
1113 2211 1198 2238 esse
1224 2193 1452 2248 admissos,
1489 2204 1530 2238 et
1553 2210 1693 2256 prop-

315 2271 428 2304 terea
460 2260 513 2305 de
549 2262 705 2306 sanctis
740 2262 1037 2308 sacerdotibus
1064 2265 1164 2318 Dei²
1197 2282 1219 2308 a
1244 2264 1406 2326 quibus
1442 2264 1579 2326 recipi
1606 2280 1692 2308 non

315 2340 585 2385 meruerant,
615 2335 798 2390 jactasse
832 2333 959 2387 talia,
997 2333 1160 2395 quibus
1192 2333 1388 2378 infirmos
1420 2333 1585 2378 animos
1614 2333 1694 2378 de—

310 2411 537 2463 ceptarum
559 2419 580 2445 a
599 2418 639 2445 se
661 2403 858 2464 plebium
880 2402 996 2448 falsis
1018 2404 1266 2448 rumoribus
1296 2404 1509 2462 agitarent
1529 2440 1538 2458 ,
1563 2414 1604 2448 et
1623 2413 1691 2448 te-

310 2487 423 2515 mere
442 2470 640 2516 credulas
662 2484 824 2518 mentes
848 2474 1051 2537 superbia
1079 2475 1143 2519 sui
1171 2474 1354 2519 nominis
1386 2474 1599 2529 irretitas,
1639 2474 1692 2518 ab

366 2555 374 2576 ¹
394 2553 498 2585 Galat.
518 2564 566 2596 111,
593 2554 643 2585 16.
661 2572 703 2578 -
725 2552 739 2575 2
760 2556 841 2586 Gen.
862 2566 978 2594 xxvxu,
1002 2557 1054 2589 15.
