1894 3154
300 292 354 321 Dss
392 291 615 321 BAPTISMO
649 290 824 321 CONTRA
859 289 1150 331 DONATISTAs‚
1190 292 1278 322 Lm.
1321 293 1401 323 vn.
1478 279 1570 340 [449

195 355 306 401 sicut
324 356 469 419 ipsum
492 356 776 416 Evangelium
795 356 1130 401 ecclesiasticum
1147 367 1232 413 est>
1254 374 1333 402 nec
1354 357 1407 403 ad
1423 375 1575 404 eorum

193 425 381 487 pertinet
406 426 765 488 perversitatem,
804 424 875 470 sed
909 425 1060 488 utique
1084 443 1204 471 suam
1234 426 1388 472 retinet
1411 428 1576 473 sancti—

194 505 340 540 tatem.

257 564 416 610 XCIV.
450 564 475 608 J
481 566 608 610 unius
632 583 656 610 a
682 565 865 628 Neapoli
889 564 995 610 dixit
1018 582 1029 609 :
1058 585 1078 606 <‹
1101 566 1168 611 Ab
1192 583 1241 611 eo
1258 602 1268 621 ,
1302 565 1420 628 quod
1445 566 1573 611 semel

192 635 436 679 censuimus
452 671 463 690 ,
484 653 571 680 non
590 635 745 681 recedo
761 673 772 692 ‚
796 647 845 681 ut
863 636 1090 682 haereticos
1107 636 1326 682 venientes
1347 637 1401 682 ad
1419 637 1572 682 Eccle-

192 705 300 750 siam
324 706 612 768 baptizemus,
639 729 660 748 ³>

258 776 390 821 XCV.
446 777 532 822 Hic
574 779 677 841 quia
717 779 884 825 nullam
919 778 1132 825 rationem
1174 777 1242 823 vel
1278 778 1574 824 testimonium

194 847 522 910 Scripturarum
551 849 721 906 attulit,
753 850 830 896 diu
851 868 928 896 nos
952 861 1093 895 tenere
1116 866 1203 893 non
1221 848 1365 895 debet.

258 918 416 964 XCVI.
459 919 707 981 Cyprianus
733 938 755 965 a
782 919 1048 979 Carthagine
1086 919 1193 964 dixit
1215 936 1225 963 :
1264 940 1284 959 «
1305 920 1445 964 Meam
1473 938 1573 966 sen-

193 989 371 1033 tentiam
395 988 641 1051 plenissime
657 991 860 1053 exprimit
881 989 1093 1053 Epistola,
1113 1006 1212 1051 quae
1233 989 1286 1033 ad
1307 993 1327 1033 J
1334 990 1572 1036 uba‘i'anum

194 1058 402 1117 collegam
418 1068 615 1103 nostrum
634 1061 796 1123 scripta
815 1070 902 1113 est3
926 1060 1154 1104 haereticos
1175 1058 1414 1104 secundum
1432 1061 1574 1107 Evan-

194 1129 372 1188 gelicam
388 1140 429 1174 et
444 1130 740 1193 Apostolicam
755 1130 1111 1177 contestationem
1127 1129 1390 1175 adversarios
1409 1131 1573 1177 Christi

193 1209 235 1244 et
255 1199 533 1245 antichristos
555 1200 794 1263 appellatos
811 1239 821 1258 ,
842 1199 1018 1265 quando
1033 1199 1088 1244 ad
1104 1200 1340 1245 Ecclesiam
1356 1203 1567 1258 venerint,

194 1270 324 1315 unico
358 1270 564 1316 Ecclesiae
595 1271 814 1334 baptismo
842 1269 1129 1334 baptizandos
1165 1286 1279 1323 esse,
1320 1281 1367 1316 ut
1406 1272 1573 1334 possint

193 1340 287 1385 fieri
305 1340 358 1386 de
382 1340 635 1386 adversariis
658 1342 815 1398 amici,
843 1353 884 1387 et
909 1342 962 1386 de
983 1341 1247 1385 antichristis
1280 1341 1531 1389 Christiani.

258 1411 442 1456 XCVII.
475 1411 594 1468 Quid
619 1411 736 1457 aliud
754 1412 830 1458 hic
854 1410 1171 1474 disputandum
1194 1421 1282 1467 est,
1304 1412 1481 1475 quando
1504 1415 1571 1478 ip-

194 1498 310 1537 sam,
346 1486 470 1541 cujus
504 1482 763 1528 mentionem
794 1482 918 1538 fecit,
946 1481 1188 1544 Epistolam
1218 1481 1273 1526 ad
1298 1483 1570 1530 Jubaianum

193 1551 365 1607 datam,
399 1563 562 1615 quanta
585 1554 809 1615 potuimus
838 1553 1060 1612 diligentia
1094 1554 1485 1615 pertractavimus?
1514 1558 1570 1601 Et

192 1621 314 1685 quod
337 1622 412 1667 hic
430 1621 561 1678 dixit,
582 1623 905 1668 meminerimus
930 1622 1017 1667 dici
1042 1638 1164 1685 posse
1188 1622 1241 1667 de
1261 1624 1463 1670 omnibus
1479 1626 1567 1671 ini-

192 1693 290 1756 quis
306 1729 316 1748 ,
345 1709 452 1755 quos
472 1703 512 1738 et
533 1693 579 1738 in
604 1693 832 1739 Catholica
861 1711 947 1739 esse
972 1693 1063 1755 ipse
1094 1703 1273 1738 testatur
1290 1731 1300 1750 ‚
1331 1705 1372 1739 et
1396 1695 1567 1759 baptis—

192 1780 315 1808 mum
337 1764 521 1819 habere,
543 1774 583 1808 et
607 1763 710 1810 dare
727 1801 739 1820 ,
766 1781 892 1809 nemo
916 1774 1109 1808 nostrum
1131 1765 1327 1824 ambigit.
1364 1765 1434 1811 Illi
1452 1768 1566 1813 enim

192 1834 374 1879 veniunt
397 1834 452 1879 ad
474 1833 713 1879 Ecclesiam
732 1872 743 1891 ‚
767 1836 843 1898 qui
862 1834 915 1879 de
936 1845 1060 1897 parte
1078 1834 1243 1880 diaboli
1267 1836 1320 1880 ad
1340 1837 1565 1885 Christum

194 1915 439 1962 transeunt,
466 1915 506 1950 et
529 1904 752 1951 aedificant
779 1923 908 1969 super
940 1916 1109 1968 petram
1127 1942 1137 1961 ,
1165 1917 1207 1950 et
1227 1907 1566 1970 incorporantur

194 1975 412 2021 columbae
427 2013 438 2032 ,
465 1986 506 2021 et
526 1976 571 2020 in
595 1975 724 2021 horto
744 1976 949 2022 concluso
967 1986 1007 2020 et
1030 1975 1148 2021 fonte
1169 1977 1333 2036 signato
1354 1982 1563 2026 muniun-

196 2056 293 2099 tur;
326 2046 404 2091 ubi
434 2063 524 2091 non
553 2057 654 2091 sunt
679 2064 825 2092 omnes
844 2084 855 2102 ,
886 2047 962 2109 qui
982 2057 1133 2091 contra
1157 2047 1321 2093 Christi
1340 2061 1563 2113 praecepta

193 2116 347 2162 vivunt
365 2153 376 2171 ‚
402 2116 589 2161 ubilibet
611 2133 697 2161 esse
719 2116 964 2162 videantur.
992 2117 1104 2160 Nam
1121 2116 1165 2160 in
1185 2117 1390 2178 epistolal
1403 2155 1415 2174 ,
1432 2137 1562 2182 quam

193 2186 364 2249 scripsit
386 2185 441 2231 ad
473 2190 681 2245 Magnum
701 2223 712 2242 ‚
746 2204 846 2232 cum
879 2186 932 2231 de
962 2185 1047 2230 hac
1080 2186 1173 2248 ipsa
1199 2203 1245 2231 re
1268 2198 1429 2246 ageret,
1463 2192 1563 2236 satis

194 2266 427 2319 aperteque
450 2256 540 2318 ipse
562 2273 640 2301 nos
658 2256 954 2311 commonuit,
984 2256 1030 2300 in
1058 2255 1178 2318 quali
1198 2257 1398 2303 societate
1425 2276 1562 2323 opor-

195 2337 282 2372 teat
303 2326 483 2386 intelligi
512 2326 765 2373 Ecclesiam.
797 2328 868 2373 Ait
899 2327 1014 2371 enim
1043 2325 1095 2370 de
1127 2326 1319 2388 quodam
1343 2326 1524 2392 loquens
1549 2350 1559 2375 :

195 2418 215 2437 a
240 2396 413 2441 Alienus
433 2397 508 2441 fiat
529 2408 570 2442 et
587 2397 796 2460 profanus
817 2396 1061 2441 Dominicae
1079 2397 1200 2459 pacis
1214 2433 1226 2452 ‚
1252 2414 1301 2442 ac
1320 2399 1563 2447 Dominicae

196 2466 372 2511 unitatis
387 2466 611 2524 inimicus,
631 2484 720 2512 non
743 2466 947 2512 habitans
969 2466 1014 2512 in
1034 2466 1164 2511 domo
1195 2467 1302 2524 Dei,
1333 2468 1380 2514 id
1406 2481 1491 2526 est,
1519 2472 1564 2517 in

195 2536 388 2582 Ecclesia
406 2536 598 2593 Christi,
618 2537 663 2582 in
688 2553 775 2600 qua
798 2554 886 2583 non
902 2537 983 2582 nisi
1006 2536 1242 2583 concordes
1259 2548 1387 2602 atque
1414 2541 1565 2588 unani-

243 2619 254 2642 ¹
273 2619 374 2664 Epist.
396 2621 451 2661 69.

357 2689 560 2720 cxxxvffl.
1347 2691 1406 2737 ‘29
