1894 3154
596 259 652 289 DE
686 257 941 300 rammi-13,
980 260 1067 290 Lis.
1109 262 1199 292 X1v.
1516 251 1575 297 23

200 328 333 372 ficat
321 326 537 389 impium,
569 339 700 386 quam
725 324 1037 381 commendans
1067 326 1301 387 Apostolus
1327 330 1384 374 ait
1403 330 1456 375 de
1476 331 1580 394 qui-

203 396 424 442 busdam:
452 396 741 453 «Ignorantes
767 393 881 438 enim
902 394 980 438 Dei
1004 395 1143 453 justiti
1149 413 1246 452 z‚1m
1275 408 1316 442 et
1340 415 1457 444 suam
1478 404 1577 458 jus-

202 488 222 507 ))
241 466 381 511 titiam
427 464 615 510 xolentes
661 463 921 508 constituere
943 499 954 519 ,
995 465 1174 523 justitiae
1223 434 1302 511 [tei
1346 484 1434 512 non
1480 479 1580 514 sunt

203 558 223 578 »
241 536 423 595 subjecti
439 535 456 564 1
481 553 491 579 :
518 555 538 576 >³
560 533 619 578 sic
638 533 765 577 etiam
784 532 868 578 dici
887 528 1029 596 potest
1050 535 1103 579 cle
1128 535 1392 597 quibusdam
1417 555 1427 581 ε
1451 539 1578 597 lgno-

200 617 341 652 rantes
362 606 441 652 Dei
466 604 721 668 sapientiam
742 640 752 658 ,
780 614 821 647 ct
846 621 968 649 suam
989 604 1177 650 volentes
1200 608 1462 653 constituere
1482 645 1492 663 ,
1517 626 1580 654 sa-

204 676 378 739 pientiae
406 675 484 719 Dei
504 691 591 719 non
619 682 717 717 sunt
738 672 937 732 subjecti.

264 747 381 791 Ut.
428 746 504 790 Est
525 744 658 803 igitur
681 753 835 788 natura
873 761 959 788 non
987 744 1124 801 facta,
1163 763 1264 809 quae
1295 747 1398 793 fecit
1429 765 1576 794 omnes

200 826 377 861 (faelffl'as
406 831 581 872 magnas
609 829 852 875 parvasque
882 824 1083 870 naturas,
1123 814 1180 860 eis
1209 833 1315 879 quas
1351 816 1455 862 fecit
1489 818 1578 863 sine

202 885 477 930 dubitatione
509 882 806 946 praestantior,
842 900 997 945 ac-per
1022 885 1107 929 hoc
1142 885 1227 929 hac
1259 887 1388 931 etiam
1414 887 1468 932 cle
1491 904 1577 949 qua

194 954 437 1018 loquimur,
478 952 677 997 rationali
702 963 743 996 et
770 952 1081 1007 intellectuali,
1121 971 1220 1016 qua}
1243 955 1434 1001 hominis
1459 974 1578 1002 mens

195 1036 256 1070 est
272 1062 282 1079 ,
307 1024 362 1068 ad
380 1027 470 1082 ejus
487 1022 563 1086 qui
580 1039 673 1067 eam
694 1021 796 1066 fecit
819 1022 1050 1081 imaginem
1069 1023 1198 1069 facta.
1229 1024 1307 1070 llla
1328 1036 1471 1070 autem
1491 1043 1573 1072 cee-

196 1095 293 1140 teris
315 1104 470 1139 natura
488 1092 766 1155 praestantior
784 1093 899 1137 Deus
923 1103 997 1139 est.
1026 1095 1077 1138 Et
1095 1094 1271 1157 quidem
1291 1117 1310 1136 c<
1334 1096 1432 1141 Non
1450 1096 1577 1157 longe

198 1165 401 1228 »positus
427 1165 482 1208 al)
506 1180 770 1226 unoquoque
794 1174 987 1208 nostrum
1007 1201 1017 1219 ,
1044 1185 1063 1205 »
1100 1165 1211 1210 sicut
1245 1166 1478 1229 Apostolus
1503 1168 1575 1213 di-

197 1235 278 1290 cit,
308 1234 545 1293 adjungens
567 1250 576 1276 :
602 1254 619 1272 α
642 1234 691 1276 ln
715 1232 788 1277 illo
812 1233 925 1277 enim
946 1234 1133 1279 vivimus
1149 1271 1159 1289 ‚
1191 1245 1233 1279 et
1253 1252 1478 1281 movemur
1496 1274 1506 1292 ,
1535 1248 1577 1282 et

199 1327 217 1346 »
240 1303 434 1349 sumus2.
459 1324 478 1343 2>
504 1301 634 1357 Quod
658 1302 689 1346 si
708 1301 947 1347 secundum
977 1319 1137 1366 corpus
1163 1303 1353 1361 diceret,
1377 1306 1502 1351 etiam
1523 1307 1576 1352 (le

194 1375 274 1419 isto
301 1389 510 1436 corporeo
536 1371 700 1417 mundo
725 1382 868 1434 posset
896 1372 1092 1433 intelligi.
1127 1375 1237 1419 Nam
1272 1385 1313 1419 et
1336 1375 1382 1420 in
1402 1375 1477 1421 illo
1506 1394 1575 1421 sc-

195 1443 388 1489 cundum
409 1459 568 1504 corpus
590 1442 773 1486 vivimus
792 1478 802 1497 ‚
835 1459 1083 1498 movemur,
1111 1455 1151 1488 et
1170 1461 1331 1492 sumus.
1363 1446 1488 1491 Unde
1507 1464 1575 1492 se—

195 1513 393 1559 cundum
418 1522 603 1557 mentem
630 1528 730 1575 quae
749 1511 862 1557 facta
883 1522 945 1557 est
965 1512 1019 1557 acl
1045 1517 1134 1572 ejus
1157 1513 1386 1574 imaginem
1405 1553 1416 1571 ,
1447 1516 1575 1561 debet

193 1585 279 1629 hoc
299 1583 468 1646 accipi,
497 1581 793 1627 excellentiore
828 1582 1017 1645 quodam
1035 1620 1046 1639 ,
1085 1583 1323 1647 eodemque.
1348 1603 1434 1630 non
1467 1587 1574 1631 visi—

193 1653 272 1697 bili
288 1689 298 1708 ,
329 1651 400 1696 sed
426 1651 690 1710 intelligibili
711 1651 856 1697 modo.
898 1653 1008 1697 Nam
1041 1653 1148 1715 quid
1181 1671 1270 1698 non
1295 1665 1356 1699 est
1379 1655 1424 1699 in
1447 1655 1542 1718 ipso
1559 1693 1571 1712 ,

199 1723 252 1768 de
285 1739 371 1785 quo
402 1721 547 1766 divine
584 1721 796 1783 scriptum
824 1733 916 1767 est:
956 1744 977 1764 α
1002 1723 1222 1778 Quoniam
1246 1741 1291 1768 ex
1312 1724 1408 1786 ipso
1432 1735 1473 1770 et
1499 1743 1580 1788 per

195 1817 214 1835 ))
233 1794 376 1857 ipsum
402 1803 443 1837 et
465 1792 508 1836 in
524 1792 620 1854 ipso
640 1802 740 1836 sunt
765 1793 909 1838 onmia
923 1793 970 1838 39
991 1815 1010 1834 »
1030 1794 1222 1839 Proinde
1241 1795 1275 1839 si
1297 1795 1343 1839 in
1366 1796 1461 1858 ipso
1480 1808 1580 1841 sunt

194 1863 338 1909 omnia
358 1899 367 1917 ‚
398 1863 444 1907 in
470 1878 556 1924 quo
591 1860 765 1906 tandem
794 1873 979 1924 possunt
1011 1863 1152 1908 vivere
1191 1881 1290 1926 quae
1321 1866 1500 1921 vivunt,
1537 1878 1581 1911 et

195 1932 357 1978 moveri
391 1948 491 1994 quae
522 1942 776 1986 moventur,
814 1932 896 1977 nisi
927 1933 972 1977 in
1005 1950 1093 1996 quo
1123 1937 1255 1979 sunt?
1295 1936 1393 1980 Non
1432 1947 1576 1982 tamen

198 2020 345 2048 omnes
370 2019 469 2047 cum
496 2000 571 2046 illo
597 2012 696 2046 sunt
722 2000 770 2046 eo
797 2002 928 2047 modo
952 2019 1040 2065 quo
1061 2003 1100 2048 ei
1123 2003 1293 2049 dictum
1324 2016 1385 2050 est
1407 2023 1416 2049 :
1445 2027 1463 2046 «
1485 2007 1576 2066 Ego

200 2096 219 2116 ))
240 2089 407 2136 semper
432 2083 576 2117 tecum
591 2070 624 2118 Δ.
650 2093 670 2112 »
695 2072 784 2117 Nec
806 2072 898 2135 ipse
925 2089 1026 2118 cum
1045 2073 1249 2118 omnibus
1269 2091 1317 2119 eo
1342 2075 1472 2120 modo
1491 2093 1580 2139 quo

198 2143 384 2189 dicimus
402 2180 413 2198 ‚
440 2142 651 2187 Dominus
673 2142 918 2189 vobiscum.
948 2144 1104 2201 Magna
1126 2145 1273 2205 itaque
1293 2144 1484 2190 hominis
1502 2147 1582 2192 mi-

197 2214 304 2259 seria
328 2223 390 2257 est
415 2229 515 2257 cum
541 2212 615 2257 illo
636 2230 722 2257 non
747 2229 864 2268 esse,
892 2213 981 2258 sine
1000 2230 1088 2275 quo
1111 2214 1208 2258 non*
1227 2224 1370 2276 potest
1394 2232 1495 2263 esse.
1529 2217 1581 2261 In

200 2300 291 2363 quo
322 2282 436 2327 enim
462 2292 550 2333 est
581 2282 737 2360 procul
761 2282 899 2334 dubio
924 2283 1012 2328 sine
1035 2283 1109 2328 illo
1135 2300 1223 2328 non
1249 2295 1342 2329 est.
1367 2296 1409 2331 et
1442 2297 1582 2332 tamen

202 2354 233 2399 si
257 2357 347 2413 ejus
371 2369 459 2397 non
478 2351 700 2409 meminit,
727 2370 914 2416 eumque
933 2371 1020 2398 non
1049 2353 1281 2414 intelligit,
1309 2373 1388 2400 nec
1413 2356 1577 2417 diligit,

202 2440 305 2469 cum
327 2422 401 2468 illo
430 2439 519 2467 non
538 2433 613 2469 est.
642 2423 772 2480 Quod
789 2434 931 2469 autem
956 2423 1140 2486 quisque
1159 2425 1333 2487 penitus
1359 2425 1580 2474 oblivisci-

205 2505 272 2540 tur
286 2531 297 2550 ,
325 2510 403 2538 nec
423 2494 686 2538 commoneri
706 2497 798 2553 ejus
819 2494 969 2558 utique
988 2505 1150 2557 potest.

249 2577 257 2598 ¹
276 2579 369 2609 Rom.
390 2586 425 2618 x,
443 2576 473 2607 3.
489 2592 534 2598 -—
550 2573 565 2596 ²
586 2578 654 2608 Act.
677 2588 756 2617 xxii,
777 2588 828 2616 27.
851 2594 893 2600 —-
912 2574 924 2599 3
942 2579 1036 2609 Rom.
1051 2589 1096 2617 XI,
1114 2579 1169 2612 36.
1186 2597 1231 2602 ——
1245 2576 1258 2601 4
1278 2580 1476 2618 Psal,1,xx11,
1497 2584 1553 2616 23.
