1894 3154
313 255 406 313 450
737 267 771 297 S.
814 265 1062 297 Aneusrmt
1096 265 1300 296 EPISCOPI

316 354 405 384 mes
427 334 647 381 habitant.
669 354 690 374 »
717 330 851 388 Quod
879 348 978 392 ergo
1002 331 1078 377 hic
1112 330 1300 378 dicimus
1317 368 1328 387 ,
1354 330 1585 394 paululum
1604 331 1688 378 ad—

320 417 490 455 vertant
506 443 517 462 ,
550 404 626 468 qui
648 403 776 449 nobis
804 403 857 449 de
882 403 1103 466 Cypriano
1127 402 1283 447 volunt
1314 403 1611 466 praescribere.
1643 402 1690 448 Si

319 480 433 526 enim
452 479 498 524 in
529 475 719 521 Ecclesia
741 474 905 520 Christi
925 491 1008 518 non
1032 473 1113 518 nisi
1137 473 1372 518 concordes
1393 485 1519 536 atque
1539 473 1689 519 unani·

320 567 410 596 mes
442 547 667 600 habitant,
707 543 865 608 procul
900 543 1037 588 dubio
1068 560 1156 588 non
1186 544 1389 588 habitant
1422 545 1469 589 in
1503 544 1691 590 Ecclesia

321 619 515 673 Christi,
546 616 743 679 quamvis
764 614 881 659 intus
906 630 992 658 esse
1015 612 1289 668 viderentur,
1321 613 1385 659 illi
1418 614 1493 677 qui
1518 632 1595 678 per
1618 614 1692 659 in—

318 690 483 736 vidiam
509 698 550 733 et
573 685 896 732 contentionem
917 684 1006 728 sine
1030 683 1241 728 charitate
1266 684 1490 730 Christum
1517 701 1692 730 annun-

317 761 514 811 tiabant3
537 773 645 820 quos
662 756 753 818 ipse
772 753 998 813 intelligit,
1032 770 1121 798 non
1141 753 1369 800 haereticos
1390 755 1458 800 vel
1479 755 1693 800 schisma-

318 831 427 876 ticos
444 848 465 874 a
490 827 624 872 Paulo
649 824 842 889 apostolo
867 835 1228 871 commemoratos
1243 861 1254 881 ,
1288 824 1360 870 sed
1388 825 1515 870 falsos
1543 824 1695 870 fratres

319 919 419 947 cum
443 900 516 945 illo
538 897 716 943 interius
744 895 1069 942 conversantes1
1093 913 1102 940 :
1130 895 1208 959 qui
1235 906 1348 941 certe
1366 896 1590 959 baptizare
1606 912 1695 940 non

320 971 540 1018 debebant
556 1007 566 1024 ,
587 969 688 1031 quia
716 967 762 1012 in
780 966 973 1012 Ecclesia
997 983 1085 1011 non
1109 966 1398 1022 habitabant,
1428 967 1474 1011 in
1497 983 1585 1029 qua
1605 967 1696 1029 ipse

320 1042 430 1088 dicit
451 1058 538 1086 non
555 1039 756 1084 habitare
782 1037 862 1082 nisi
881 1035 1118 1082 concordes
1138 1047 1180 1081 et
1201 1037 1423 1082 unanimes
1449 1054 1460 1081 ι
1489 1037 1570 1082 nisi
1589 1035 1696 1081 forte

322 1113 551 1176 quisquam
570 1109 630 1154 sic
649 1108 855 1153 abhorret
880 1125 902 1151 a
922 1124 1021 1152 vero
1040 1144 1051 1162 ,
1076 1117 1125 1151 ut
1146 1106 1265 1152 dicat
1284 1105 1520 1152 concordes
1537 1116 1579 1151 et
1593 1123 1699 1151 una-

321 1185 457 1230 nimes
482 1181 608 1226 fuisse
637 1178 807 1224 invidos
835 1188 877 1222 et
894 1177 1151 1233 malevolos,
1182 1188 1225 1222 et
1251 1177 1340 1222 sine
1361 1177 1573 1222 charitate
1589 1193 1699 1222 con-

321 1254 526 1300 tentiosos
543 1288 552 1306 ‚
589 1261 630 1296 et
656 1260 797 1294 tamen
820 1248 1132 1311 baptizabant,
1159 1266 1239 1294 nec
1269 1265 1419 1294 eorum
1444 1249 1524 1294 ista
1555 1247 1698 1293 detes-

322 1324 454 1370 tanda
487 1320 740 1385 perversitas
776 1329 1096 1364 sacramentum
1133 1319 1326 1375 Christi,
1369 1319 1486 1382 quod
1518 1335 1597 1381 per
1627 1334 1698 1364 eos

323 1394 595 1441 tractabatur
615 1401 656 1435 et
686 1388 1020 1452 dispensabatur
1037 1425 1048 1444 ,
1083 1387 1230 1451 aliqua
1252 1405 1299 1433 ex
1319 1400 1443 1452 parte
1472 1388 1698 1434 minuebat

326 1476 455 1528 atque
476 1461 684 1508 violabat.

386 1533 591 1581 XCVIII.
625 1531 787 1575 Totum
810 1546 909 1575 sane
925 1528 1070 1591 ipsum
1094 1528 1244 1574 locum
1267 1528 1312 1574 in
1331 1528 1482 1575 eadem
1509 1529 1562 1575 ad
1580 1530 1699 1589 Mag-

325 1625 431 1654 num
459 1601 653 1667 Epistola
688 1601 880 1664 positum
917 1617 1061 1662 operae
1094 1601 1283 1663 pretium
1312 1611 1374 1646 est
1407 1611 1696 1663 pertractare,

324 1695 451 1743 quem
490 1676 549 1720 ita
578 1672 809 1719 contexuit.
843 1692 863 1711 «
897 1672 995 1715 hon
1025 1669 1256 1725 habitans,
1295 1670 1468 1733 inquit,
1496 1671 1541 1716 in
1568 1670 1699 1715 domo

325 1749 404 1794 Dei
422 1785 431 1802 ‚
460 1746 503 1791 id
522 1755 607 1799 est,
628 1743 673 1788 in
699 1741 889 1788 Ecclesia
916 1741 1082 1786 Christi
1102 1779 1112 1797 ,
1134 1741 1178 1786 111
1203 1758 1288 1804 qua
1308 1758 1395 1786 non
1413 1741 1496 1786 nisi
1516 1758 1701 1786 concor-

326 1821 401 1867 des
423 1830 550 1880 atque
579 1814 802 1861 unanimes
828 1812 1056 1868 habitant,
1089 1812 1291 1875 loquente
1318 1813 1362 1857 in
1387 1812 1569 1857 Psalmis
1595 1811 1701 1874 Spi-

326 1891 414 1936 ritu
438 1897 585 1934 sancto
604 1922 614 1941 ,
639 1895 681 1929 et
697 1883 867 1929 dicente
889 1901 898 1928 :
933 1904 952 1924 «
977 1884 1091 1927 Deus
1115 1883 1189 1945 qui
1204 1882 1451 1928 inhabitare
1469 1881 1574 1928 facit
1594 1898 1701 1928 una-

332 1959 507 2005 „nimes
543 1956 589 2000 in
627 1953 803 1998 domo'2.
827 1973 847 1992 n
879 1952 1076 2014 Denique
1112 1953 1398 1997 unanimitate
1432 1952 1703 1998 Christianos

331 2032 454 2077 firma
486 2026 570 2072 sibi
595 2035 723 2087 atque
742 2022 1024 2085 inseparabili
1060 2022 1273 2068 charitate
1303 2039 1538 2078 connexos,
1574 2024 1703 2068 etiam

329 2102 423 2164 ipsa
454 2095 685 2143 Dominica
703 2093 914 2139 sacrificia
934 2092 1171 2139 declarant.
1204 2094 1314 2138 Nam
1343 2093 1521 2157 quando
1552 2093 1704 2138 Domi-

334 2188 417 2218 nus
435 2184 596 2231 corpus
612 2181 738 2211 suum
763 2181 921 2227 panem
944 2164 1100 2210 vocat3
1113 2201 1123 2220 ,
1145 2164 1197 2209 de
1214 2163 1454 2209 multorum
1472 2179 1705 2223 granorum

335 2239 599 2290 adunatione
618 2246 869 2297 congestum
889 2255 899 2289 3
919 2235 1133 2298 populum
1155 2246 1352 2281 nostrum
1371 2272 1382 2291 ,
1404 2252 1532 2298 quem
1551 2245 1705 2298 porta-

333 2314 412 2359 bat
431 2349 441 2367 ,
468 2309 633 2355 indicat
654 2307 893 2352 adunatum
917 2323 927 2350 :
957 2317 999 2351 et
1029 2305 1204 2368 quando
1221 2305 1471 2365 sanguinem
1495 2321 1620 2350 suum
1643 2304 1706 2350 vi-

336 2400 442 2430 num
459 2378 676 2443 appellat,
701 2377 753 2422 de
773 2377 911 2422 botris
931 2387 1059 2440 atque
1079 2376 1211 2422 acinis
1229 2376 1428 2439 plurimis
1443 2391 1703 2438 expressum,

337 2465 465 2516 atque
490 2452 535 2495 111
561 2465 697 2494 unum
724 2458 951 2501 coactum3
974 2465 1139 2507 gregem
1158 2447 1260 2492 item
1279 2457 1472 2492 nostrum
1493 2446 1708 2507 significat

335 2521 639 2575 commixtione
675 2519 876 2565 adunatae
904 2517 1200 2564 multitudinis
1238 2517 1508 2581 copulatum.
1537 2537 1558 2559 »
1598 2516 1710 2562 Haec

381 2605 532 2650 1Philip.
556 2616 586 2645 t,
605 2605 659 2637 15.
679 2620 724 2627 —
739 2601 754 2625 ²
771 2603 850 2636 Psal.
865 2613 967 2640 ωιτη,
984 2614 1070 2643 7.-
1084 2599 1099 2625 3
1118 2604 1216 2636 Joan.
1236 2612 1279 2640 vr,
1298 2601 1354 2632 52.
