1894 3154
549 305 605 335 DE
639 303 906 344 TRINITATE,
942 303 1033 333 Lm.
1075 304 1148 333 xv.
1496 291 1555 355 87

193 389 216 417 a
237 388 323 435 quo
349 368 611 417 Eunomiani
632 368 829 413 haeretici
846 368 981 413 exorti
993 377 1120 412 sunt:
1150 367 1226 430 qui
1247 384 1347 414 cum
1369 387 1458 416 non
1481 388 1561 433 po-

191 443 337 487 tuisset
371 440 630 499 intelligere,
658 455 738 484 nec
768 438 939 484 credere
961 438 1166 484 voluisset
1186 439 1456 498 unigenitum
1480 443 1562 487 Dei

191 511 401 567 Verbum,
430 526 507 573 per
531 507 650 571 quod
667 506 781 553 facta
798 519 899 553 sunt
916 507 1078 563 omnia,
1102 507 1261 552 Filium
1280 509 1359 554 Dei
1381 527 1466 555 esse
1486 529 1565 556 na-

192 590 306 635 tura,
333 580 419 625 1100
441 589 520 634 est,
548 577 600 622 de
619 577 858 622 substantia
881 577 1023 622 Patris
1048 577 1239 636 genitum
1261 595 1271 622 :
1296 596 1384 624 non
1397 591 1566 626 naturae

191 649 260 695 vel
283 649 536 694 susbtantiae
554 664 641 693 suae
681 647 766 693 sive
778 647 969 693 essentiae
998 647 1104 692 dixit
1122 664 1208 692 esse
1227 647 1384 705 filium,
1407 650 1479 695 sed
1506 651 1564 695 fi-

192 720 298 764 lium
322 719 665 773 voluntatisDei‚
694 718 961 764 accidentem
987 718 1150 764 scilicet
1175 719 1266 764 Deo
1293 719 1439 765 volens
1460 739 1568 767 asse-

192 806 283 834 rere
302 788 568 834 voluntatem
591 804 677 850 qua
694 788 885 847 gigneret
910 787 1067 832 Filium
1091 805 1101 832 :
1124 787 1326 832 videlicet
1347 789 1444 834 ideo
1465 790 1569 852 quia

194 875 270 904 nos
291 858 456 920 aliquid
484 857 715 920 aliquando
751 857 968 913 volumus,
997 856 1118 919 quod
1138 867 1259 902 antea
1277 874 1366 902 non
1390 858 1572 904 voleba-

196 944 317 981 mus;
343 928 466 990 quasi
482 944 570 971 non
592 937 772 989 propter
790 927 868 971 ista
887 925 1111 971 mutabilis
1138 925 1407 985 intelligatur
1422 939 1571 974 nostra

195 1007 366 1051 natura,
384 999 503 1058 quod
523 995 635 1040 absit
659 1005 707 1039 ut
728 995 774 1039 in
795 997 885 1040 Deo
909 1011 995 1040 esse
1018 993 1260 1041 credamus.
1294 996 1442 1059 Neque
1456 998 1573 1043 enim

197 1066 254 1110 ob
277 1064 394 1110 aliud
411 1065 623 1127 scriptum
636 1074 711 1110 est.
736 1085 757 1105 «
778 1064 929 1109 Multae
953 1063 1234 1123 cogitationes
1253 1064 1300 1109 in
1317 1065 1447 1110 corde
1466 1067 1568 1123 viri,

197 1157 218 1176 >›
243 1135 471 1180 consilium
489 1145 631 1180 autem
651 1134 828 1179 Domini
854 1144 997 1179 manet
1019 1134 1066 1179 in
1089 1144 1301 1179 aeternum
1322 1133 1339 1164 1
1358 1153 1368 1180 ε
1385 1157 1406 1178 »
1427 1136 1507 1181 nisi
1525 1147 1574 1182 ut
1637 1130 1642 1133 ⁵

197 1204 485 1264 intelligamus
509 1204 596 1250 sive
616 1203 860 1258 credamus,
884 1204 997 1249 sicut
1016 1214 1227 1249 aeternum
1247 1206 1408 1262 Deum,
1434 1207 1494 1252 ita
1527 1207 1575 1251 in

199 1285 408 1319 aeternum
425 1277 513 1333 ejus
531 1290 617 1318 esse
635 1273 881 1328 consilium,
911 1290 960 1330 ac
983 1290 1061 1335 per
1080 1273 1166 1318 hoc
1198 1274 1487 1331 immutabile,
1514 1277 1575 1321 si-

200 1354 275 1389 cut
292 1344 383 1406 ipse
405 1354 479 1390 est.
507 1343 638 1399 Quod
654 1353 796 1388 autem
813 1342 866 1388 de
883 1342 1238 1402 cogitationibus,
1258 1342 1347 1389 hoc
1369 1345 1501 1390 etiam
1519 1346 1574 1391 de

202 1413 498 1459 voluntatibus
519 1413 737 1459 verissime
763 1412 851 1458 dici
873 1423 1042 1476 potest:
1079 1413 1232 1459 Multae
1257 1413 1498 1461 voluntates
1533 1416 1580 1461 in

203 1482 334 1527 corde
356 1483 456 1538 viri,
485 1482 687 1528 voluntas
712 1493 854 1528 autem
889 1482 1066 1528 Domini
1096 1493 1239 1528 manet
1269 1483 1315 1528 in
1348 1495 1573 1533 aeternum.

205 1552 396 1607 Quidam
436 1568 488 1596 ne
522 1551 683 1597 Filium
718 1552 888 1598 consilii
915 1552 983 1598 vel
1023 1551 1264 1598 voluntatis
1285 1553 1367 1598 Dei
1390 1553 1584 1601 dicerent

205 1621 475 1680 unigenitum
499 1621 711 1676 Verbum,
759 1622 906 1684 ipsum
931 1621 1163 1666 consilium
1203 1638 1276 1666 seu
1311 1623 1582 1669 voluntatem

205 1692 345 1736 Patris
361 1690 476 1737 idem
499 1691 693 1736 Verbum
710 1708 794 1736 esse
814 1691 1024 1737 dixerunt.
1056 1691 1141 1736 Sed
1171 1691 1342 1747 melius,
1371 1704 1585 1755 quantum

206 1761 416 1816 existimo,
445 1760 608 1805 dicitur
641 1761 869 1806 consilium
889 1761 942 1806 de
976 1760 1175 1816 consilio,
1221 1771 1263 1805 et
1302 1762 1501 1809 voluntas
1530 1764 1584 1809 de

207 1830 448 1886 voluntate,
471 1830 584 1875 sicut
606 1831 847 1875 substantia
863 1830 917 1875 de
936 1830 1195 1886 substantia,
1223 1831 1432 1893 sapientia
1447 1833 1500 1878 de
1513 1851 1584 1879 sa-

208 1901 370 1964 pientia
391 1918 401 1945 :
427 1918 480 1946 ne
499 1900 763 1946 absurditate
785 1901 860 1947 illa
881 1917 1014 1963 quam
1040 1903 1135 1960 jam
1167 1900 1420 1959 refellimus,
1447 1903 1581 1949 Filius

210 1971 381 2016 dicatur
400 1972 573 2016 Patrem
594 1971 734 2016 facere
758 1971 994 2034 sapientem
1008 1970 1077 2017 vel
1090 1970 1322 2028 volentem,
1341 1973 1374 2017 si
1390 1990 1478 2018 non
1502 1974 1589 2019 ha—

209 2041 285 2086 bet
306 2041 435 2085 Pater
463 2040 509 2085 in
541 2041 783 2086 substantia
819 2057 894 2086 sua
925 2040 1154 2086 consilium
1188 2040 1258 2087 vel
1292 2041 1581 2088 voluntatem·

213 2112 349 2157 Acute
365 2127 463 2156 sane
480 2110 661 2174 quidam
683 2110 906 2173 respondit
921 2110 1129 2155 haeretico
1146 2111 1433 2156 versutissime
1454 2112 1584 2158 inter-

213 2180 397 2239 roganti,
428 2191 575 2225 utrum
600 2182 715 2225 Deus
740 2180 899 2226 Filium
926 2180 1072 2226 volens
1097 2196 1146 2224 ac
1169 2179 1317 2224 nolens
1351 2183 1543 2240 genuerit
1572 2201 1583 2227 ε

215 2262 264 2295 ut
287 2250 322 2294 si
340 2250 502 2295 diceret
521 2250 686 2306 nolens,
706 2250 1011 2296 absurdissima
1024 2249 1105 2294 Dei
1119 2249 1288 2294 miseria
1311 2263 1585 2314 sequeretur3

216 2319 250 2364 si
273 2329 416 2364 autem
439 2320 602 2375 volens,
629 2320 837 2365 continuo
864 2320 984 2382 quod
1009 2318 1266 2364 intendebat
1286 2320 1407 2366 velut
1428 2321 1591 2369 invicta

214 2388 380 2433 ratione
403 2388 681 2434 concluderet
696 2426 707 2444 ,
734 2406 822 2446 non
844 2400 1013 2434 naturae
1042 2405 1128 2433 esse
1147 2388 1304 2444 filium,
1329 2390 1402 2436 sed
1426 2391 1587 2437 volun-

219 2458 333 2504 tatis.
362 2459 420 2504 At
434 2458 506 2503 ille
519 2459 840 2518 vigilantissime
859 2458 1047 2504 vicissim
1058 2459 1258 2521 quaesivit
1273 2459 1329 2504 ab
1352 2477 1418 2516 eo,
1445 2471 1592 2509 utrum

221 2529 338 2574 Deus
361 2531 490 2573 Pater
512 2528 658 2576 volens
678 2546 733 2575 an
752 2527 900 2575 nolens
922 2528 977 2575 sit
1001 2529 1118 2578 Deus
1139 2544 1152 2571 z
1174 2538 1224 2575 ut
1250 2529 1284 2575 si
1297 2531 1592 2594 responderet,

270 2613 281 2635 ¹
300 2615 396 2645 Prov.
409 2623 476 2656 xm,
496 2624 550 2644 21.
