1894 3154
326 229 417 276 236
747 246 781 276 s,
824 245 1067 277 [incussum
1104 247 1305 278 Eriscom

321 309 475 356 fulcire
495 320 731 368 conantur,
752 328 853 374 quae
871 312 1083 363 Dominus
1107 311 1332 359 donaverit
1355 312 1498 359 dicere
1522 331 1532 359 :
1558 323 1605 359 ut
1628 312 1699 359 in-

323 380 520 441 telligant
541 399 687 427 omnes
707 383 782 445 qui
807 399 892 427 non
918 382 1062 428 studio
1086 383 1276 446 partium
1299 384 1449 429 caecati
1464 384 1664 443 judicant
1684 421 1695 440 ‚

325 467 412 497 non
430 452 565 498 solum
584 469 653 498 eos
674 470 759 498 non
780 453 978 512 adjuvari
1001 453 1256 499 auctoritate
1274 454 1482 517 Cypriani
1502 491 1514 512 ,
1533 454 1603 501 sed
1625 471 1703 518 per

322 522 461 585 ipsam
480 524 660 569 maxime
681 524 882 569 convinci
908 534 1034 586 atque
1054 525 1268 571 subverti:

387 594 446 640 ΙΙ.
488 594 584 639 Jam
609 593 785 656 quidem
807 594 852 639 in
871 611 1000 656 supra
1025 594 1272 639 memoratis
1293 594 1416 640 libris
1432 594 1599 641 dictum
1616 605 1696 652 est,

324 664 382 708 ita
397 680 519 725 posse
530 674 644 709 extra
660 663 923 709 catholicam
939 664 1289 709 communionem
1303 664 1396 710 dari
1409 665 1697 728 baptismum,

323 732 694 796 quemadmodum
713 744 755 779 et
771 744 885 779 extra
909 751 1001 779 eam
1028 744 1168 797 potest
1185 744 1225 779 et
1244 734 1413 781 haberi.
1447 735 1601 780 Nullus
1620 751 1701 781 au-

325 815 409 849 tem
435 804 608 851 illorum
642 817 769 865 negat
804 806 964 852 habere
989 807 1257 870 baptismum
1289 808 1416 852 etiam
1453 818 1697 870 apostatas,

325 874 486 937 quibus
503 877 653 939 utique
679 876 959 922 redeuntibus
981 888 1021 922 et
1042 894 1119 940 per
1140 877 1446 940 poenitentiam
1464 877 1698 932 conversis,

326 944 432 989 dum
456 962 543 990 non
566 946 791 1002 redditur,
822 947 962 992 amitti
980 964 1065 992 non
1088 947 1278 1010 potuisse
1296 946 1535 1006 judicatur.
1568 947 1639 992 Sic
1661 956 1703 992 et

326 1012 387 1058 illi
421 1014 495 1076 qui
528 1032 605 1077 per
627 1016 898 1075 sacrilegium
923 1016 1167 1063 schismatis
1192 1017 1247 1061 ab
1274 1016 1479 1062 Ecclesiae
1503 1034 1704 1063 commu-

325 1084 454 1129 nione
474 1084 705 1130 discedunt
721 1124 731 1141 ‚
760 1086 926 1131 habent
951 1087 1101 1150 utique
1120 1087 1407 1150 baptismum,
1430 1105 1558 1150 quem
1581 1088 1704 1151 prius

328 1173 458 1220 quam
482 1156 749 1204 discederent
767 1170 1029 1222 acceperunt
1055 1179 1066 1213 ;
1092 1177 1193 1204 nam
1225 1170 1266 1204 et
1291 1159 1393 1222 ipsis
1410 1196 1420 1215 ,
1448 1160 1480 1205 si
1505 1152 1700 1217 redeant,

329 1245 416 1273 non
438 1228 497 1273 eis
516 1229 671 1274 iterum
693 1230 823 1275 datur
845 1248 854 1275 :
883 1231 998 1276 unde
1024 1230 1332 1286 ostenduntur,
1356 1229 1464 1275 illud
1485 1230 1603 1293 quod
1630 1248 1705 1276 ac-

329 1311 531 1363 ceperant
550 1301 593 1346 in
618 1303 782 1348 unitate
801 1303 949 1365 positi,
967 1320 1055 1348 non
1074 1303 1262 1366 potuisse
1282 1303 1476 1348 amittere
1497 1303 1697 1366 separati.

329 1369 459 1426 Quod
491 1371 523 1416 si
546 1371 700 1418 haberi
729 1372 832 1417 foris
849 1384 991 1436 potest
1008 1410 1018 1429 ,
1040 1373 1168 1418 etiam
1195 1373 1289 1419 dari
1313 1390 1392 1418 cur
1420 1390 1507 1418 non
1536 1376 1704 1436 potest?

329 1440 375 1485 Si
391 1439 500 1486 dicis
518 1478 528 1496 ,
557 1459 644 1487 non
664 1453 777 1487 recte
802 1442 905 1488 foris
929 1442 1057 1488 datur
1077 1460 1087 1487 z
1115 1442 1450 1506 respondemus,
1474 1441 1596 1488 Sicut
1618 1460 1706 1489 non

328 1520 443 1555 recte
464 1510 565 1556 foris
590 1512 796 1567 liabetur,
827 1524 868 1558 et
889 1524 1032 1558 tamen
1056 1513 1268 1566 habetur3
1286 1513 1346 1557 sic
1366 1529 1453 1558 uon
1471 1523 1584 1557 recte
1604 1512 1707 1558 soris

328 1580 474 1637 datur,
499 1581 571 1627 sed
591 1592 732 1639 tamen
756 1582 899 1630 datur.
925 1583 1049 1629 Sicut
1078 1594 1218 1628 autem
1251 1600 1329 1646 per
1353 1581 1531 1628 unitatis
1547 1599 1707 1628 recon-

327 1650 589 1697 ciliationem
621 1652 778 1715 incipit
803 1653 965 1698 utiliter
988 1653 1141 1698 haberi
1161 1690 1170 1708 ,
1200 1652 1318 1716 quod
1352 1662 1467 1697 extra
1496 1652 1707 1698 unitatem

331 1720 542 1766 inutiliter
570 1721 820 1768 habebatur
849 1741 859 1768 ε
893 1723 953 1768 sic
987 1740 1065 1785 per
1093 1722 1286 1767 eamdem
1313 1721 1706 1767 reconciliationem

329 1791 487 1854 incipit
520 1791 624 1837 utile
656 1810 742 1838 esse
761 1831 771 1848 ,
800 1793 918 1857 quod
949 1805 1062 1838 extra
1093 1810 1185 1838 eam
1208 1792 1421 1838 inutiliter
1445 1790 1596 1837 datum
1624 1802 1700 1839 est.

332 1865 427 1909 Non
449 1874 589 1910 tamen
610 1865 698 1911 dici
724 1866 784 1911 fas
805 1877 883 1920 est,
912 1883 999 1911 non
1024 1865 1174 1911 datum
1202 1883 1287 1911 esse
1306 1864 1425 1928 quod
1451 1864 1603 1911 datum
1621 1876 1700 1921 est,

332 1947 423 1993 aut,
450 1947 595 1982 utnon
618 1938 706 1984 hoc
730 1938 895 1984 dedisse
913 1939 1143 2002 quisquam
1161 1938 1468 1992 calumnietur,
1492 1955 1593 1983 cum
1618 1938 1703 1984 hoc

330 2024 427 2053 eum
462 2007 626 2053 dedisse
655 2009 776 2072 quod
819 2021 1044 2068 acceperat
1087 2010 1333 2056 confitetur.
1379 2010 1707 2055 Sacramentum

330 2076 444 2121 enim
473 2077 680 2140 baptismi
698 2089 760 2123 est
782 2078 903 2142 quod
925 2079 1057 2124 habet
1077 2079 1153 2142 qui
1179 2080 1428 2142 baptizatur
1457 2096 1466 2123 ε
1498 2088 1539 2123 ct
1562 2096 1708 2125 sacra-

332 2157 527 2192 mentum
551 2147 685 2194 dandi
709 2149 919 2211 baptismi
947 2159 1009 2193 est
1031 2148 1149 2211 quod
1184 2148 1319 2194 habet
1351 2148 1426 2212 qui
1460 2147 1701 2195 ordinatur.

331 2217 453 2278 Sicut
474 2228 615 2263 autem
639 2218 914 2281 baptizatus,
945 2219 976 2263 si
1002 2219 1057 2263 ab
1088 2219 1253 2264 unitate
1287 2218 1529 2273 recesserit,
1560 2235 1707 2265 sacra-

330 2297 525 2332 mentum
544 2287 750 2350 baptismi
776 2306 862 2333 non
887 2288 1046 2334 amittit
1064 2309 1074 2341 ;
1093 2289 1152 2334 sic
1169 2290 1295 2334 etiam
1321 2288 1545 2333 ordinatus
1561 2325 1572 2344 ,
1596 2288 1629 2333 si
1651 2289 1708 2334 ab

333 2358 496 2403 unitate
515 2360 747 2415 recesserit,
769 2371 1083 2405 sacramentum
1104 2360 1237 2404 dandi
1260 2358 1467 2422 baptismi
1483 2375 1567 2404 non
1584 2360 1708 2404 amit-

333 2427 398 2473 tit.
432 2428 553 2473 Nulli
582 2429 694 2473 enim
731 2441 999 2475 sacramento
1024 2430 1183 2489 injuria
1212 2427 1409 2475 facienda
1431 2437 1526 2472 est:
1554 2429 1588 2474 si
1615 2428 1707 2474 dis-

334 2496 449 2541 cedit
468 2514 489 2541 a
514 2496 636 2542 malis
657 2535 667 2551 ,
695 2510 924 2562 utrumque
947 2499 1157 2552 discedit3
1181 2500 1212 2544 si
1238 2507 1462 2562 permanet
1488 2497 1532 2541 in
1560 2499 1704 2554 malis,

334 2578 567 2632 utrumque
597 2581 834 2632 permanet.
867 2570 988 2616 Sicut
1017 2588 1115 2630 ergo
1153 2579 1407 2634 acceptatur
1433 2567 1675 2630 baptismus
1695 2605 1706 2623 ‚
