1894 3154
590 329 646 361 DE
681 329 936 372 TRINITATE,
975 330 1066 362 LIB.
1106 331 1197 362 xlv,
1535 335 1594 381 29

222 395 294 450 tis,
322 393 600 440 narrantibus
612 393 665 440 de
682 394 887 440 felicitate
900 394 1110 458 paradisi,
1129 406 1257 459 atque
1275 395 1384 441 illud
1401 397 1592 459 primum

223 475 264 510 et
282 464 448 510 bonum
461 464 650 509 hominis
664 474 705 509 et
725 464 888 510 malum
907 465 1114 510 historica
1133 465 1594 511 traditioueindicanti-

221 533 318 579 bus.
340 534 516 579 Domini
534 545 676 579 autem
697 533 773 579 Dei
793 535 859 579 sui
878 534 1182 581 reminiscitur.
1204 535 1282 580 llle
1296 536 1462 599 quippe
1485 553 1591 580 sem-

221 620 299 666 per
327 614 405 659 est,
429 620 508 648 nec
525 602 609 649 fuit
626 614 668 648 et
683 620 772 648 non
791 614 870 659 est,
897 620 976 649 nec
1000 614 1120 649 estet
1148 621 1237 649 non
1257 604 1367 650 fuit:
1387 605 1458 650 sed
1483 606 1593 650 sicut

221 690 444 736 nunquam
472 691 561 719 non
581 673 678 728 crit,
704 673 763 717 ita
785 689 1011 736 nunquam
1031 690 1118 718 nou
1143 685 1246 720 erat.
1275 675 1330 719 Et
1356 675 1520 737 ubique
1536 685 1594 720 to-

222 753 290 788 tus
309 753 370 788 est
392 754 602 806 :propter
626 742 743 805 quod
773 742 852 787 ista
873 743 918 787 iu
942 742 1016 787 illo
1037 753 1078 788 et
1097 744 1208 788 vivit
1225 781 1236 799 ,
1257 754 1298 789 et
1317 755 1532 799 movetur,
1553 755 1594 789 ct

221 823 282 857 est
295 811 314 841 1
340 812 517 858 :etidco
537 812 753 857 reminisci
773 817 862 871 eJ'us
881 822 1036 875 potest.
1059 814 1094 857 N
1101 830 1156 858 on
1177 814 1279 876 quia
1298 814 1384 860 hoc
1398 814 1593 859 recorda-

221 893 307 938 tur,
332 882 560 945 quodcum
576 892 754 927 noverat
773 882 818 926 in
835 882 991 937 Adam,
1009 893 1082 927 aut
1102 882 1205 927 alibi
1222 883 1381 928 alicubi
1399 885 1593 928 anteba-

217 953 487 1015 juscorporis
497 953 536 997 vi
546 962 627 996 tam
639 988 648 1005 ‚
666 961 739 996 aut
754 967 853 996 cum
865 951 1059 1013 primum
1069 950 1183 996 facta
1200 963 1261 996 est
1279 953 1593 998 utiuscroretur

222 1022 328 1067 huic
356 1022 561 1084 corpori:
586 1020 699 1065 nihil
720 1021 835 1065 enim
864 1021 1024 1065 horum
1053 1021 1230 1066 omnino
1261 1023 1550 1068 reminiscitur
1576 1041 1585 1067 ε

220 1091 437 1155 quidquid
457 1091 616 1136 horum
635 1100 713 1145 est,
741 1090 960 1136 oblivione
981 1090 1168 1135 deletum
1187 1102 1261 1137 est.
1303 1092 1387 1137 Sed
1402 1109 1592 1138 comme-

221 1172 432 1216 moratur,
461 1171 509 1205 ut
527 1170 804 1206 convertatur
828 1159 883 1204 ad
913 1159 1166 1216 Dominum,
1188 1170 1396 1223 tanquam
1422 1162 1475 1206 ad
1500 1179 1593 1207 cam

219 1229 361 1275 lucem
398 1247 484 1294 qua
501 1230 630 1275 etiam
668 1246 768 1274 cum
793 1229 847 1274 ab
872 1228 945 1274 illo
970 1239 1230 1274 averteretur
1250 1230 1438 1292 quodam
1463 1231 1590 1277 modo

220 1301 490 1360 tangebatur.
514 1301 624 1345 Nam
644 1300 749 1344 hinc
764 1309 825 1344 est
841 1299 1099 1362 quodetiam
1116 1300 1240 1362 impii
1259 1301 1451 1360 cogitant
1471 1313 1592 1346 aetcr-

219 1369 425 1426 nitatem,
449 1380 489 1415 et
514 1369 652 1414 multa
680 1379 793 1414 recte
826 1369 1153 1431 reprehendunt
1189 1381 1389 1434 recteque
1414 1372 1594 1417 laudant

220 1439 264 1484 in
287 1439 515 1484 hominum
540 1438 750 1484 moribus,
778 1438 951 1494 Quibus
985 1456 1032 1483 ea
1072 1439 1246 1484 tandem
1284 1441 1440 1500 regulis
1468 1442 1594 1500 judi-

220 1519 338 1564 cant,
380 1509 459 1554 nisi
482 1509 527 1554 in
550 1508 712 1572 quibus
734 1508 884 1566 vident
911 1508 1284 1571 quemadmodum
1319 1512 1499 1574 quisque
1525 1513 1592 1557 vi-

220 1595 317 1624 vere
337 1579 510 1635 debeat,
533 1579 698 1624 etiamsi
712 1596 789 1624 nec
806 1579 888 1641 ipsi
906 1579 1057 1624 eodem
1078 1579 1208 1625 modo
1222 1581 1372 1626 vivant
1386 1585 1404 1627 ἶ)
1420 1583 1506 1627 Ubi
1526 1600 1593 1627 eas

220 1649 399 1695 vident?
424 1651 572 1712 Neque
600 1649 783 1693 enimin
802 1665 877 1693 sua
916 1659 1090 1705 natura,
1131 1666 1234 1694 cum
1263 1652 1419 1712 procul
1454 1653 1592 1698 dubio

221 1730 362 1764 mente
379 1719 458 1764 ista
482 1719 730 1773 videantur,
755 1735 992 1781 eorumque
1016 1729 1178 1764 mentes
1210 1730 1376 1766 constet
1392 1739 1476 1767 esse
1500 1740 1595 1768 mu-

220 1789 391 1845 tabiles,
414 1789 494 1833 has
516 1805 617 1833 vero
635 1787 800 1847 regulas
832 1789 1126 1833 immutabiles
1148 1788 1309 1845 videat,
1331 1791 1525 1854 quisquis
1547 1793 1592 1837 in

221 1860 278 1904 eis
289 1860 428 1904 ethoc
449 1858 592 1904 videre
609 1858 824 1920 potuerit3
844 1875 923 1902 nec
940 1859 987 1902 fn
1004 1858 1162 1903 habitu
1183 1875 1272 1904 suae
1294 1861 1466 1914 mentis,
1491 1878 1592 1907 cum

217 1929 304 1974 illae
324 1929 482 1989 regulae
508 1930 592 1973 sint
611 1927 808 1986 justitiae,
832 1937 993 1972 mentes
1020 1944 1121 1972 vero
1145 1944 1295 1973 eorum
1319 1940 1485 1975 constet
1503 1948 1589 1976 esse

218 1999 411 2059 injustas.
441 1998 630 2043 Ubinam
652 2008 752 2043 suut
785 1997 878 2042 istae
904 1997 1066 2057 regulae
1086 1998 1280 2061 scriptae,
1312 1999 1390 2044 ubi
1413 2001 1521 2063 quid
1539 2001 1593 2046 sit

215 2073 383 2130 justum
408 2079 448 2114 et
471 2069 656 2128 injustus
681 2067 894 2127 agnoscit,
921 2067 1000 2112 ubi
1022 2068 1157 2112 cernit
1173 2105 1184 2123 ‚
1223 2069 1479 2114 habendum
1510 2087 1595 2116 esse

220 2139 339 2202 quod
364 2139 454 2203 ipse
478 2156 564 2184 non
588 2139 755 2183 habet?
781 2138 868 2182 Ubi
903 2155 1001 2197 ergo
1019 2139 1194 2200 scriptae
1218 2149 1335 2191 sunt,
1364 2140 1446 2184 nisi
1468 2141 1514 2185 in
1536 2140 1596 2186 li-

221 2209 303 2254 bro
322 2209 431 2254 lucis
454 2208 569 2253 illius
599 2225 699 2271 quae
716 2208 870 2254 veritas
893 2207 1080 2253 dicitur?
1102 2207 1218 2253 unde
1241 2209 1379 2253 omnis
1397 2209 1461 2254 lex
1478 2213 1596 2269 justa

223 2278 500 2334 describitur,
521 2278 625 2323 etin
639 2295 714 2323 cor
731 2277 925 2322 hominis
946 2278 1022 2340 qui
1040 2287 1244 2340 operatur
1256 2279 1487 2337 justitiam,
1510 2297 1598 2325 non

221 2349 467 2409 migrando,
491 2348 566 2394 sed
609 2359 820 2411 tanquam
854 2348 1146 2411 imprimendo
1177 2348 1456 2404 transfertur3
1488 2351 1600 2396 sicut

222 2419 364 2479 imago
382 2436 430 2464 ex
444 2419 604 2465 annulo
625 2429 667 2464 et
689 2419 735 2463 in
761 2435 901 2463 ceram
927 2418 1094 2474 transit,
1121 2429 1162 2464 et
1185 2419 1394 2465 annulum
1418 2437 1505 2465 non
1530 2438 1601 2465 re-

222 2488 393 2552 linquit.
419 2489 508 2545 Qui
527 2506 628 2535 vero
647 2505 735 2534 non
763 2498 988 2551 operatur,
1008 2499 1049 2534 et
1064 2499 1207 2535 tamen
1232 2489 1351 2535 videt
1373 2490 1482 2554 quid
1503 2507 1601 2554 ope-

222 2559 408 2605 randum
433 2559 503 2615 sit,
528 2559 619 2622 ipse
642 2569 705 2604 est
723 2559 800 2621 qui
824 2559 880 2603 ab
906 2558 979 2604 illa
1001 2558 1098 2606 luce
1117 2560 1340 2618 avertitur,
1371 2578 1395 2606 a
1417 2577 1505 2624 qua
1525 2571 1594 2606 ta-

270 2641 281 2663 ¹
301 2642 372 2671 Act.
390 2650 452 2679 vn,
473 2640 528 2673 28,
