1894 3154
347 241 428 288 192
756 236 790 264 s.
835 232 1078 264 AUGtSTINI
1113 229 1317 260 EPISCOPI

334 321 431 351 rum
456 300 678 348 revocatis.
716 298 799 344 Sed
836 296 1020 344 correcti
1050 305 1165 351 sunt,
1206 293 1366 357 inquit,
1406 293 1496 339 Deo
1531 294 1700 354 gratias.

336 374 382 420 Si
425 389 574 419 verum
608 380 686 426 est,
714 386 803 414 non
835 367 1008 414 invideo
1028 403 1038 421 ,
1080 375 1207 428 atque
1240 364 1405 409 utinam
1445 363 1490 409 id
1520 365 1708 428 perfecte

337 446 428 491 fiat.
460 443 506 489 Si
530 441 643 487 enim
671 459 691 485 a
717 437 1042 484 Maximianistis
1070 435 1208 480 redire
1242 435 1294 480 ad
1322 446 1489 499 partein
1527 435 1706 491 Donati,

333 513 566 562 nonnullus
588 509 866 557 correctionis
890 519 951 554 est
966 506 1124 567 gradus
1148 524 1158 551 ε
1185 517 1348 569 quanto
1365 507 1507 552 verior
1532 505 1708 568 perfec-

336 587 505 648 tiorque
526 581 735 629 correctio
777 589 858 635 est,
883 579 937 623 ab
965 578 1056 640 ipsa
1080 587 1204 639 parte
1227 577 1384 621 Donati
1423 576 1476 621 ad
1501 576 1710 622 unitatem

337 654 596 702 catholicam
619 652 834 696 remeare?
869 649 922 692 Et
952 646 1195 692 Tichonius
1219 645 1396 709 quidem
1421 645 1558 692 multa
1583 646 1706 702 dixit,

334 742 432 789 quae
458 723 540 769 illis
559 719 847 784 temporibus,
874 728 914 762 et
938 715 1238 762 sicutinterior
1261 726 1456 772 noverat,
1476 733 1608 779 quam
1623 734 1711 762 non

337 794 529 847 modico,
558 790 631 836 sed
656 788 793 835 multo
812 787 1040 843 fermento,
1058 797 1191 831 totam
1213 803 1331 831 suam
1351 803 1529 831 massam
1549 786 1712 832 nollent

336 865 460 912 fateri
494 871 773 924 corruptam,
810 859 886 921 qni
924 868 1060 903 totum
1099 857 1248 902 orbem
1285 866 1493 901 terrarum
1524 858 1713 920 peccatis

344 935 550 983 Afrorum
581 931 886 977 fermentatum
913 946 998 974 esse
1035 928 1380 973 criminarentur.
1411 927 1492 973 Sed
1519 944 1595 987 ego
1611 928 1713 973 istos

340 1006 490 1057 miror,
518 1003 552 1049 si
572 1002 720 1047 adhuc
737 1000 795 1045 eis
808 999 953 1062 placet
971 999 1071 1044 haec
1088 997 1339 1061 Apostolica
1363 997 1496 1043 verba
1513 998 1573 1043 sic
1590 997 1713 1044 intel-

340 1075 486 1135 ligere‚
509 1074 566 1118 ita
594 1089 662 1117 eos
679 1071 896 1133 Optatum
925 1068 1238 1114 Gildonianum
1262 1066 1369 1113 velle
1393 1067 1636 1124 defendere,
1665 1078 1714 1114 ut

338 1163 416 1193 nec
442 1142 662 1189 modicum
678 1139 875 1185 fermenti
892 1156 994 1184 eum
1020 1138 1148 1183 fuisse
1165 1137 1423 1194 concedant,
1446 1137 1578 1193 Quod
1599 1138 1632 1183 si
1646 1137 1713 1184 vel

336 1217 423 1262 hoc
438 1211 701 1266 concedunt,
723 1225 852 1273 quam
875 1225 1073 1268 magnam
1089 1218 1248 1271 putant
1272 1225 1357 1253 esse
1374 1224 1554 1253 massam
1568 1226 1708 1266 suam,

341 1298 486 1333 utnon
507 1282 700 1347 potuerit
724 1291 810 1326 tota
834 1279 1089 1342 corrumpi?
1114 1289 1188 1324 aut
1211 1278 1243 1323 si
1261 1278 1302 1323 in
1325 1277 1382 1323 eis
1403 1277 1501 1323 solis
1516 1288 1604 1324 tota
1617 1297 1714 1325 cor-

338 1366 468 1420 rupta
485 1365 564 1408 est,
583 1353 746 1417 quibus
766 1350 910 1414 placet
933 1351 1123 1413 Optatus
1142 1369 1152 1402 ς
1182 1350 1343 1412 experti
1364 1348 1534 1394 discant
1554 1350 1711 1398 intelli-

339 1445 434 1488 gere
455 1423 575 1489 quod
593 1425 760 1483 legunt,
787 1421 888 1485 quia
906 1422 1015 1466 inest
1036 1431 1122 1465 tota
1148 1437 1284 1464 massa
1312 1419 1365 1464 ad
1389 1437 1497 1483 qnos
1525 1422 1714 1484 pertinet

336 1496 455 1562 quod
487 1495 647 1540 dicitur
686 1503 843 1548 totum,
884 1491 970 1536 sive
996 1492 1181 1543 bonum,
1206 1490 1293 1535 sive
1333 1489 1531 1536 malum:
1567 1492 1621 1537 ad
1643 1510 1711 1539 eos

336 1567 525 1632 pertinet
543 1564 618 1627 qui
658 1561 934 1608 consentiunt
955 1581 965 1615 3
992 1561 1045 1606 ad
1070 1578 1140 1605 eos
1167 1571 1305 1605 autem
1325 1560 1400 1623 qui
1423 1578 1510 1606 non
1530 1578 1714 1617 consen-

338 1639 472 1693 tiunt,
500 1636 677 1681 omnino
697 1651 783 1678 non
817 1633 1003 1697 pertinet
1027 1642 1094 1677 :et
1118 1631 1215 1676 idco
1243 1631 1471 1694 disciplina
1489 1631 1715 1679 ecclesias-

337 1709 421 1755 tica
444 1703 746 1765 corrigendum
780 1713 841 1748 est
860 1739 870 1759 ‚
905 1720 956 1747 ne
976 1702 1029 1747 ad
1058 1701 1216 1747 multos
1234 1701 1534 1764 persuadendo
1557 1720 1711 1766 perve-

337 1780 454 1825 niat:
482 1775 603 1840 quod
623 1774 700 1819 ubi
718 1773 810 1818 fieri
833 1773 1047 1836 permittit
1074 1773 1181 1818 ratio
1198 1772 1334 1835 pacis,
1353 1782 1394 1817 et
1417 1789 1504 1817 non
1528 1774 1595 1829 fit,
1618 1773 1712 1837 ipsa

335 1846 591 1909 negligentia
617 1843 792 1906 culpam
811 1843 963 1899 trahit,
994 1853 1034 1888 et
1051 1843 1097 1888 in
1120 1842 1316 1905 periculo
1334 1843 1629 1889 consentiendi
1649 1855 1712 1890 cst

338 1936 416 1985 per
444 1916 651 1963 desidiam
667 1912 926 1973 corrigendi.

404 1989 568 2035 XLIII.
593 1987 655 2032 Ex
671 2001 758 2049 qua
782 1983 926 2044 regula
950 1995 992 2029 et
1009 1983 1117 2030 illud
1136 1983 1464 2043 intelligendum
1493 1994 1570 2041 est,
1590 1985 1710 2049 quod

337 2067 648 2121 consequenter
675 2054 876 2117 opponit,
899 2054 1046 2099 dicens
1075 2072 1161 2099 esse
1195 2054 1405 2116 scriptum
1427 2072 1437 2099 ε
1463 2076 1482 2095 α
1503 2056 1567 2100 Sit
1586 2057 1711 2103 vobis

340 2130 626 2190 »legitimum
651 2135 862 2171 aetcrnum
897 2124 942 2169 in
966 2125 1190 2187 progenies
1230 2135 1406 2180 vestrim,
1443 2124 1634 2172 dividere
1665 2127 1710 2173 in

339 2223 360 2243 »
381 2199 524 2246 medio
541 2204 839 2242 sanctorumet
858 2193 1210 2253 irreligiosorum,
1239 2194 1336 2238 etin
1361 2194 1503 2239 medio
1518 2196 1710 2242 mundo-

335 2287 433 2317 rum
457 2279 498 2315 et
520 2263 894 2313 immundoruml.
919 2285 939 2305 »
958 2264 1099 2308 Tanto
1111 2263 1222 2308 enim
1249 2264 1431 2327 quisque
1452 2265 1600 2311 melius
1625 2266 1710 2312 hoc

334 2341 456 2396 facit,
479 2347 642 2402 quanto
668 2335 800 2394 magis
826 2334 870 2379 in
890 2333 1079 2379 Ecclesia
1104 2334 1294 2396 proficit.
1324 2333 1437 2379 Cum
1463 2336 1575 2381 enim
1614 2353 1710 2382 cre-

337 2410 462 2460 visset
482 2409 636 2464 herba‚
657 2416 698 2452 et
717 2406 907 2450 fructum
934 2403 1114 2460 fecisset,
1143 2414 1246 2449 tunc
1268 2416 1567 2467 apparuerunt
1595 2407 1710 2453 ziza-

384 2519 395 2541 Ι
416 2516 503 2549 Leiit
540 2527 559 2546 x
575 2539 583 2555 ‚
600 2526 631 2556 9.
