1894 3154
322 260 380 305 9⁶2
732 259 766 288 S.
810 256 1052 288 AL'GUSTINI
1088 256 1291 287 EPISCOPI

309 322 638 370 similitudinem
662 323 826 375 Patris3
856 323 1044 385 itemque
1058 322 1345 382 intelligentia
1365 320 1578 377 hominis,
1598 338 1700 384 quae

308 410 387 456 per
404 393 685 447 intentionem
709 392 982 452 cogitationis
998 391 1100 437 inde
1125 392 1363 444 formatur,
1382 390 1559 453 quando
1581 390 1703 453 quod

319 463 454 509 scitur
477 462 656 518 dieitur,
683 472 724 507 et
758 462 919 507 nullius
942 461 1103 521 linguae
1145 461 1291 506 cordis
1317 461 1500 506 verbum
1521 470 1598 515 est,
1621 460 1708 504 ha-

324 532 427 577 beat
461 532 506 576 in
543 548 618 576 sua
642 548 797 591 magna
821 531 1072 594 disparitate
1100 530 1354 575 nonnullam
1383 529 1706 574 similitudinem

328 600 426 645 Filii
441 620 452 653 3
475 610 515 645 et
550 617 671 645 amor
692 600 881 645 hominis
906 600 958 644 de
983 600 1160 645 seientia
1186 599 1451 663 procedens,
1483 609 1524 643 et
1543 615 1711 643 memo-

328 669 435 714 riam
451 668 864 731 intelligentiamque
881 672 977 727 conj
987 686 1165 727 ungens,
1192 679 1399 731 tanquam
1422 667 1592 730 parenti
1613 684 1715 729 pro-

329 738 446 799 lique
479 739 748 792 eommunis,
781 737 896 781 unde
918 754 997 782 nee
1020 755 1175 800 parens
1210 737 1467 796 intelligitur
1494 754 1597 791 esse,
1638 752 1716 780 nee

333 805 492 869 proles,
520 806 682 850 habeat
703 805 748 851 in
769 806 854 850 hae
874 806 1060 865 imagine
1082 806 1290 868 aliquam,
1318 806 1420 850 licet
1438 805 1718 867 valdeimpa-

333 893 442 930 rem,
467 876 794 922 similitudinem
823 877 1012 938 Spiritus
1038 877 1204 921 saneti:
1230 893 1318 920 non
1339 887 1502 932 tamen,
1537 876 1648 921 sieut
1675 876 1720 919 in

338 946 616 1005 istaimagine
642 947 866 992 Trinitatis
881 964 969 992 non
981 947 1079 992 haec
1092 947 1173 992 tria
1196 964 1308 992 unus
1331 947 1483 1002 homo,
1505 946 1577 991 sed
1594 946 1722 991 unius

340 1015 531 1060 hominis
565 1027 695 1072 sunt,
733 1017 793 1061 ita
829 1016 875 1061 in
909 1016 1003 1079 ipsa
1041 1033 1210 1061 summa
1250 1017 1462 1061 Trinitate
1483 1015 1722 1074 cuiushaec

341 1085 483 1143 imago
504 1095 581 1140 est,
613 1086 739 1131 unius
764 1087 844 1142 Dei
868 1096 967 1130 sunt
989 1085 1063 1130 illa
1084 1086 1183 1141 tria,
1212 1086 1285 1130 sed
1305 1103 1416 1130 unus
1440 1087 1556 1130 Deus
1578 1095 1657 1138 est,
1684 1093 1725 1128 et

337 1165 420 1198 tres
449 1165 548 1199 sunt
572 1154 661 1199 illae
677 1191 688 1210 ,
732 1173 820 1200 non
844 1171 930 1199 una
954 1170 1152 1217 persona.
1187 1154 1321 1210 Quod
1348 1171 1445 1199 sane
1470 1153 1727 1198 mirabiliter

342 1223 559 1268 ineffabile
592 1235 669 1278 est,
695 1224 762 1270 vel
780 1224 1056 1270 ineffabiliter
1075 1224 1291 1279 mirabile,
1312 1241 1413 1269 cum
1443 1224 1496 1269 sit
1512 1240 1599 1268 una
1622 1239 1729 1285 per-

343 1310 447 1337 sona
465 1293 563 1338 haec
588 1294 731 1354 imago
753 1295 996 1348 Trinitatis,
1023 1295 1117 1357 ipsa
1133 1312 1235 1339 vero
1254 1312 1421 1339 summa
1441 1294 1630 1338 Trinitas
1646 1304 1730 1337 tres

345 1379 541 1424 personae
565 1363 676 1420 sint,
706 1364 1040 1427 inseparabilior
1065 1376 1126 1410 est
1142 1364 1215 1410 illa
1239 1364 1428 1410 Trinitas
1441 1379 1725 1426 personarum

349 1432 498 1488 trium,
525 1449 657 1495 quam
674 1433 772 1478 haee
798 1434 938 1479 unius.
972 1433 1051 1478 Illa
1076 1434 1243 1497 quippe
1261 1434 1307 1478 in
1329 1444 1485 1478 natura
1517 1432 1727 1477 divinita-

351 1501 418 1556 tis,
443 1501 528 1546 sive
551 1502 598 1547 id
616 1502 768 1548 melius
794 1502 966 1547 dicatur
989 1502 1176 1558 deitatis,
1205 1501 1323 1565 quod
1347 1512 1425 1557 est,
1452 1502 1537 1547 hoe
1559 1511 1636 1555 est,
1662 1510 1730 1545 at-

351 1587 434 1632 que
454 1570 872 1618 incommutabiliter
895 1573 1006 1617 inter
1030 1590 1070 1617 se
1090 1590 1138 1617 ae
1156 1589 1323 1635 semper
1343 1571 1521 1634 aequalis
1543 1581 1604 1616 est
1623 1588 1633 1614 :
1652 1587 1732 1615 nee

352 1639 587 1701 aliquando
598 1658 688 1685 non
704 1641 804 1697 fuit,
822 1652 895 1686 aut
915 1641 1036 1686 aliter
1051 1642 1159 1695 fuit;
1181 1659 1261 1687 nee
1281 1640 1516 1704 aliquando
1527 1658 1613 1685 non
1632 1640 1730 1694 erit,

354 1719 427 1753 aut
445 1708 567 1754 aliter
588 1710 682 1756 erit.
703 1711 792 1756 Ista
810 1727 913 1757 vero
937 1711 1018 1756 tria
1033 1728 1133 1774 quae
1151 1722 1250 1756 sunt
1274 1712 1318 1756 in
1345 1712 1503 1773 impari
1527 1710 1731 1769 imagine,

353 1779 430 1822 etsi
450 1795 535 1823 non
561 1778 667 1825 locis
688 1781 895 1842 quoniam
920 1798 1007 1825 non
1033 1792 1133 1826 sunt
1157 1798 1340 1843 corpora
1357 1818 1367 1834 ,
1398 1791 1541 1825 tamen
1564 1780 1676 1824 inter
1696 1794 1737 1822 se

357 1864 474 1892 nunc
498 1847 541 1892 in
556 1848 636 1893 ista
658 1850 746 1894 vita
765 1850 1142 1908 magnitudinibus
1157 1860 1426 1912 separantur.
1455 1850 1605 1913 Neque
1624 1849 1739 1894 enim

360 1918 460 1980 quia
480 1917 611 1962 moles
634 1918 767 1963 nullae
781 1919 844 1963 ibi
866 1930 983 1973 sunt,
1015 1920 1113 1964 ideo
1139 1937 1227 1965 non
1255 1919 1450 1965 videmus
1475 1920 1517 1964 in
1543 1919 1626 1964 alio
1644 1936 1742 1963 ma·-

353 1991 493 2046 J'orem
517 2005 602 2033 esse
618 1990 871 2035 memoriam
891 2007 1022 2052 quam
1036 1990 1381 2050 intelligentiam,
1400 1990 1444 2034 in
1458 1990 1541 2035 alio
1557 1999 1707 2035 contra
1728 2005 1738 2031 z

362 2058 407 2102 in
450 2057 532 2102 alio
564 2058 652 2103 duo
676 2059 773 2104 haec
798 2060 952 2105 amoris
980 2060 1280 2119 magnitudine
1306 2060 1518 2123 superari,
1547 2059 1633 2105 sive
1658 2059 1743 2104 sint

362 2127 455 2190 ipsa
475 2127 564 2173 duo
589 2129 700 2174 inter
724 2147 766 2175 se
785 2130 989 2193 aequalia,
1011 2130 1097 2176 sive
1123 2148 1211 2175 non
1238 2131 1337 2176 sint.
1370 2132 1514 2194 Atque
1532 2130 1592 2175 ita
1612 2147 1636 2174 a
1661 2129 1746 2174 sin-

364 2197 473 2255 gulis
494 2199 617 2254 bina,
645 2210 687 2244 et
706 2216 729 2243 a
750 2200 867 2245 binis
887 2200 1073 2259 singula,
1099 2211 1140 2245 et
1159 2218 1181 2245 a
1202 2201 1378 2260 singulis
1405 2200 1590 2260 singula,
1613 2217 1636 2244 a
1656 2216 1747 2244 ma-

363 2266 534 2324 joribus
556 2268 722 2314 minora
746 2268 982 2314 vincuntur
1000 2279 1042 2313 et
1061 2269 1238 2332 quando
1256 2270 1367 2314 inter
1396 2287 1437 2314 se
1458 2269 1642 2332 aequalia
1659 2268 1749 2314 fue-

367 2335 454 2379 rint
480 2336 534 2380 ab
559 2338 677 2382 omni
710 2338 917 2397 languore
953 2349 1123 2394 sanata,
1162 2356 1241 2384 nee
1274 2349 1380 2384 tune
1405 2339 1656 2401 aequabitur
1689 2338 1751 2383 rei

372 2415 528 2451 natura
541 2406 808 2453 immutabili
822 2426 870 2453 ea
883 2425 947 2453 res
960 2426 1058 2472 quae
1078 2426 1157 2472 per
1169 2410 1352 2468 gratiam
1368 2425 1454 2454 non
1473 2408 1717 2454 mutabitur
1735 2425 1746 2452 :

368 2474 472 2538 quia
495 2493 581 2520 non
603 2488 804 2540 aequatur
826 2489 1024 2524 creatura
1054 2480 1268 2537 Creatori,
1295 2489 1336 2525 et
1357 2478 1535 2542 quando
1554 2479 1609 2524 ab
1633 2477 1751 2523 omni

372 2543 577 2602 languore
594 2548 838 2606 sanabitur,
863 2551 1121 2597 mutabitur.
