1894 3154
299 296 355 328 DE
392 295 611 330 BAPTISMO
648 296 823 331 CONTRA
858 298 1150 343 DONATIsTAs,
1193 304 1280 336 tin.
1324 307 1364 339 v.
1450 294 1542 343 353

171 361 257 408 tico
283 361 493 408 beneficio
524 374 780 425 praestetur,
820 382 874 411 ne
907 364 1260 428 rebaptizentur3
1288 381 1328 415 et
1344 374 1544 422 nonnulli

169 433 333 479 caeteris
351 449 499 479 eorum
516 433 635 480 Vanis
649 435 868 481 erroribus
884 445 926 481 et
941 434 1057 481 falsis
1071 436 1446 489 criminationibus
1466 444 1544 491 ad-

168 521 312 551 versus
347 503 609 550 catholicam
644 505 882 552 Ecclesiam
913 505 1157 564 credentes,
1184 507 1271 556 hoc
1297 527 1384 557 uno
1412 531 1544 561 revo-

168 585 348 628 centur,
383 585 432 622 ut
459 575 517 621 eis
553 575 707 622 sociari
739 576 904 635 nolint,
939 595 993 624 ne
1023 578 1284 643 rebaptizari
1313 596 1535 644 cogantur.

168 646 310 702 Quem
330 664 498 692 sensum
526 646 756 694 hominum
784 649 928 695 onmia
949 649 1122 713 penitus
1146 652 1278 698 corda
1317 671 1543 719 occupan-

166 725 252 762 tem
268 754 278 774 ,
299 717 369 763 isti
391 718 629 764 Donatistae
652 730 888 766 metuentes
907 758 917 777 ,
947 721 1193 768 maluerunt
1215 724 1406 788 recipere
1424 728 1544 792 bap-

165 786 359 845 tismum,
378 789 452 852 qui
469 789 587 852 apud
607 790 942 837 Maximianistas
960 809 1068 855 quos
1080 792 1392 841 damnaverant
1416 798 1544 846 datus

165 868 253 914 est,
275 869 316 904 et
343 876 390 904 eo
410 860 541 905 modo
565 860 648 905 sibi
670 861 839 922 linguas
865 863 1126 925 praecidere,
1154 875 1195 910 et
1213 882 1288 910 ora
1313 869 1510 931 oppilare
1528 909 1539 928 ,

166 944 299 990 quam
320 929 461 976 denuo
482 931 704 993 baptizare
733 943 795 978 tot
817 933 1015 978 homines
1036 934 1284 981 Mustitanae
1307 948 1348 981 et
1373 941 1545 987 Assari-

165 1008 280 1045 tanae
297 1011 339 1046 et
357 1000 535 1046 aliarum
554 1002 755 1064 plebium
768 1039 780 1059 ,
805 1020 912 1066 quas
932 1020 1034 1048 cum
1058 1003 1274 1050 Feliciano
1299 1018 1340 1052 et
1358 1009 1546 1058 Praetex-

164 1078 253 1115 tato
283 1080 324 1116 et
347 1071 513 1116 caeteris
539 1089 562 1116 a
592 1089 634 1117 se
657 1071 873 1118 damnatis
896 1083 938 1118 et
955 1072 1010 1118 ad
1028 1090 1069 1118 se
1092 1074 1373 1124 redeuntibus
1396 1096 1544 1128 susce-

163 1152 337 1202 perunt.

228 1212 327 1259 VII.
373 1214 486 1258 Cum
514 1213 628 1258 enim
656 1213 744 1258 hoc
769 1229 866 1258 raro
890 1214 939 1258 fit
961 1213 1007 1258 in
1030 1213 1230 1274 singulis,
1264 1217 1376 1264 inter
1407 1223 1545 1269 multa

164 1281 304 1344 spatia
323 1281 521 1327 locorum
540 1294 581 1328 et
605 1294 877 1344 temporum,
898 1283 1058 1327 horror
1080 1283 1185 1329 facti
1209 1303 1298 1331 non
1320 1288 1380 1333 ita
1408 1293 1545 1339 senti-

165 1361 267 1396 tur:
295 1351 329 1396 si
357 1362 498 1397 autem
521 1361 698 1415 repente
724 1351 1059 1398 convenirentur
1081 1369 1190 1416 quos
1222 1372 1302 1418 per
1326 1368 1415 1404 tam
1446 1360 1547 1407 lon-

165 1438 267 1482 gum
294 1432 490 1485 tempus,
527 1423 611 1468 sive
640 1421 896 1481 urgentibus
923 1422 1128 1486 periculis
1159 1426 1334 1484 mortis,
1362 1430 1449 1477 sive
1467 1450 1548 1496 per

165 1492 453 1539 solemnitates
490 1493 724 1538 Paschales
744 1494 973 1538 memorati
996 1494 1327 1544 Maximianistae
1346 1500 1547 1564 baptiza-

164 1574 339 1619 verant,
357 1575 397 1609 et
414 1564 471 1609 eis
491 1563 706 1609 diceretur
725 1574 773 1609 ut
789 1564 945 1609 iterum
965 1564 1310 1627 baptizarentur,
1338 1575 1544 1634 quoniam

163 1633 210 1679 id
233 1633 352 1697 quod
372 1635 417 1680 in
440 1634 662 1694 sacrilegio
685 1633 927 1678 schismatis
945 1648 1203 1698 acceperant
1223 1638 1334 1684 nihil
1359 1655 1482 1700 esset3
1498 1647 1546 1693 id

165 1706 344 1769 quidem
378 1705 594 1751 diceretur
625 1704 744 1769 quod
776 1722 846 1750 eos
876 1706 1116 1768 pertinacia
1140 1708 1205 1753 sui
1234 1712 1387 1757 erroris
1405 1714 1548 1764 dicere

164 1788 360 1837 cogeret,
391 1788 439 1823 ut
455 1786 630 1840 possent
648 1775 958 1838 qualicumque
981 1775 1085 1821 falsa
1106 1777 1263 1824 umbra
1291 1789 1548 1835 constantiae

164 1858 315 1894 contra
334 1847 521 1893 calorem
546 1847 740 1893 veritatis
759 1862 850 1892 suae
876 1845 1050 1891 duritiae
1069 1847 1252 1907 rigorem
1281 1850 1548 1920 glaciemque

165 1930 390 1979 contegere
413 1937 423 1964 ε
451 1918 523 1971 secl
547 1920 651 1982 quia
669 1918 756 1963 hoc
774 1917 837 1962 illi
855 1916 967 1963 ferre
984 1935 1070 1963 non
1088 1930 1279 1981 possent,
1301 1933 1342 1967 et
1366 1928 1483 1988 quod
1500 1931 1548 1978 in

165 2001 252 2036 tam
275 1989 422 2036 multis
442 1989 697 2034 hominibus
714 1989 835 2033 fieret
851 2024 862 2044 ,
884 2004 964 2033 nec
982 1987 1065 2051 ipsi
1083 2001 1256 2051 possent
1278 1992 1457 2043 tolerare
1471 2003 1547 2063 qui

162 2060 375 2118 facerent,
402 2060 643 2124 praesertim
668 2059 772 2122 quia
789 2057 920 2104 iidem
939 2058 1024 2120 ipsi
1039 2075 1109 2104 eos
1125 2059 1171 2104 in
1191 2072 1315 2123 parte
1333 2064 1543 2117 Primiani

163 2131 589 2197 rebaptizarent‚qui
612 2147 682 2176 eos
705 2130 750 2175 in
768 2139 892 2192 parte
915 2129 1165 2174 Maximiani
1176 2134 1266 2189 jam
1288 2133 1544 2196 baptizave-

162 2215 291 2260 rant,
313 2213 514 2266 receptus
530 2212 591 2247 est
614 2200 860 2263 baptismus
887 2198 1083 2255 illorum,
1111 2210 1151 2244 et
1179 2200 1446 2268 interceptus
1473 2221 1544 2274 ty-

160 2276 280 2341 phus
302 2275 497 2321 istorum.
525 2271 658 2330 Quod
674 2270 793 2317 nullo
817 2269 949 2316 modo
974 2269 1179 2329 eligerent
1201 2272 1318 2331 fieri,
1347 2277 1428 2324 nisi
1453 2299 1543 2328 am-

162 2347 279 2411 plius
312 2346 395 2393 sibi
423 2344 638 2391 adversari
659 2343 974 2389 arbitrarentur
997 2341 1225 2388 horrorem
1242 2343 1473 2398 hominum
1494 2354 1547 2402 de

161 2417 315 2463 iterata
338 2416 570 2472 tinctione,
598 2432 731 2479 quam
767 2411 1155 2459 considerationem
1190 2412 1243 2459 de
1276 2418 1447 2478 perdita
1468 2423 1540 2472 deq

161 2488 367 2535 sensione.
403 2486 535 2545 Quod
570 2503 657 2533 non
690 2486 787 2532 ideo
825 2483 1029 2540 dixerim,
1062 2484 1167 2548 quia
1200 2485 1395 2536 humano
1424 2511 1548 2545 sensu

162 2559 367 2607 deterreri
381 2559 614 2605 debuimus
629 2595 640 2616 ,
663 2557 698 2604 si
719 2557 775 2604 ab
799 2554 1018 2602 haereticis
1033 2555 1250 2604 venientes
1268 2557 1412 2608 denuo
1429 2565 1550 2633 bap-

162 2631 284 2678 tizari
309 2630 468 2679 veritas
502 2639 707 2689 cogeret:
743 2627 815 2675 sed
847 2625 949 2691 quia
981 2635 1153 2675 sanctus
1185 2627 1435 2693 Cyprianus
1458 2639 1551 2691 ait:

329 2717 534 2749 cxxxvm.
1340 2703 1397 2748 23
