1894 3154
296 277 352 308 DB
387 276 608 307 BAt‘TlsMo
645 274 818 307 CONTRA
855 273 1148 315 DONATISTAS,
1188 276 1276 305 Lm.
1323 276 1391 307 111.
1465 277 1554 323 297

192 341 247 388 de
270 342 353 388 alia
377 359 421 388 re
441 341 570 395 dixit,
592 339 646 386 ad
669 341 757 386 hoc
776 357 852 400 ego
868 340 1012 404 posui,
1033 350 1081 386 ut
1104 340 1366 400 intelligatur
1384 340 1559 404 aliquod

191 412 381 467 honum,
412 427 498 456 non
525 409 662 455 solum
682 410 815 455 vitam
839 426 962 473 posse
988 410 1156 473 operari
1178 410 1289 455 bene
1310 410 1529 456 utentibus
1544 447 1556 467 ,

191 481 263 527 sed
282 481 409 526 etiam
432 491 613 526 mortem
633 479 741 526 male
759 480 995 526 utentibus.

255 551 374 597 xlx.
418 551 507 596 Nec
536 550 710 596 interest
744 567 842 596 cum
873 550 926 596 de
954 551 1209 596 sacramenti
1248 550 1490 611 integritate
1519 560 1561 596 et

191 620 419 666 sanctitate
445 631 673 676 tractatur,
696 641 715 662 ε(
736 620 844 684 quid
869 620 1018 666 credat
1040 631 1082 666 et
1106 621 1223 685 quali
1259 621 1344 667 fide
1366 620 1562 666 imbutus

189 690 243 736 sit
258 690 330 736 ille
352 692 429 755 qui
451 692 610 755 accipit
629 703 959 738 sacramentum.
983 714 1002 734 ›>
1028 693 1208 738 Interest
1226 691 1401 756 quidem
1426 690 1562 754 pluri-

189 778 309 807 mum
329 762 382 808 ad
397 762 542 808 salutis
557 763 690 819 viam,
712 763 784 809 sed
803 763 856 809 ad
876 764 1131 809 sacramenti
1152 764 1431 826 quaestionem
1451 760 1562 807 nihil

188 831 376 879 interest.
408 832 520 878 Fieri
538 833 651 878 enim
670 844 813 896 potest
833 843 880 878 ut
906 834 1039 878 homo
1064 833 1275 893 integrum
1307 832 1466 878 habeat
1489 847 1562 877 sa-

189 913 457 948 cramentum
473 940 484 959 ,
508 914 550 949 et
576 920 820 966 perversam
841 903 971 949 fidem
990 921 1000 947 ε
1022 903 1134 948 sicut
1154 904 1244 948 fieri
1265 912 1407 966 potest
1427 912 1474 946 ut
1492 902 1563 946 in-

188 981 307 1031 tegra
329 983 470 1018 teneat
501 973 631 1019 verba
661 973 886 1037 Symboli,
913 983 953 1018 et
980 983 1121 1018 tamen
1148 990 1234 1017 non
1254 982 1367 1018 recte
1385 970 1560 1026 credat,

187 1041 275 1087 sive
297 1041 351 1088 de
377 1043 471 1105 ipsa
501 1043 736 1098 Trinitate‚
766 1044 853 1089 sive
877 1043 930 1088 de
950 1042 1258 1088 resurrectione
1276 1079 1287 1097 ,
1313 1040 1377 1087 vel
1399 1039 1565 1103 aliquid

189 1111 320 1159 aliud.
351 1113 499 1176 Neque
517 1113 632 1158 enim
657 1130 792 1176 parva
812 1131 876 1159 res
894 1123 982 1169 est,
1003 1113 1047 1158 in
1071 1113 1163 1176 ipsa
1194 1114 1311 1158 intus
1333 1110 1563 1156 Catholica

189 1192 330 1228 tenere
349 1182 558 1242 integram
583 1183 733 1239 fidem,
749 1183 808 1229 ita
827 1195 875 1229 ut
898 1183 1075 1229 omnino
1102 1200 1187 1228 non
1212 1182 1265 1228 de
1287 1182 1431 1244 aliqua
1448 1197 1564 1226 crea-

190 1262 312 1308 tura,
341 1251 413 1297 sed
440 1252 494 1297 de
525 1252 620 1315 ipso
648 1254 738 1299 Deo
768 1253 878 1298 nihil
911 1252 1031 1298 aliter
1064 1252 1215 1298 credat
1242 1268 1373 1314 quam
1407 1250 1563 1296 veritas

187 1320 335 1369 habet.
366 1321 697 1385 Numquidnam
719 1339 819 1382 ergo
846 1323 880 1368 si
912 1322 957 1367 in
981 1322 1074 1385 ipsa
1108 1321 1337 1367 Catliolica
1364 1320 1564 1383 baptiza-

188 1401 280 1448 tus,
315 1402 462 1456 postea
485 1392 692 1452 legendO,
728 1393 970 1449 audiendo,
1009 1403 1050 1438 et
1083 1392 1264 1455 pacifice
1288 1389 1559 1445 disserendo,

185 1461 281 1525 ipso
315 1463 506 1508 Domino
541 1463 753 1509 revelante
787 1463 1037 1523 cognoverit
1071 1462 1193 1508 aliter
1215 1479 1256 1507 se
1279 1471 1402 1506 antea
1420 1460 1565 1506 credi-

188 1532 297 1578 disse
320 1549 451 1596 quam
476 1533 655 1590 debuit,
690 1534 832 1580 denuo
865 1532 1157 1597 baptizandus
1177 1534 1269 1578 est?
1293 1531 1400 1587 Quis
1421 1541 1563 1576 autem

188 1603 369 1649 carnalis
398 1614 440 1649 et
471 1604 668 1650 animalis
700 1605 859 1662 homo,
878 1621 963 1650 non
987 1622 1064 1667 per
1084 1605 1388 1666 phantasmata
1421 1600 1564 1647 cordis

188 1673 252 1719 sui
269 1683 490 1733 evagetur,
522 1684 563 1719 et
597 1675 830 1720 constituat
862 1674 945 1719 sibi
974 1675 1116 1719 Deum
1151 1671 1291 1735 qualis
1322 1671 1360 1716 ei
1388 1688 1468 1734 pro
1486 1687 1563 1716 suo

187 1761 311 1790 sensu
334 1743 497 1790 carnali
523 1744 764 1807 placuerit,
791 1756 922 1809 atque
956 1745 1014 1789 ita
1042 1743 1191 1789 credat
1226 1752 1393 1787 tantum
1437 1740 1564 1800 longe

188 1815 310 1860 aliter
333 1832 467 1878 quam
490 1815 602 1860 Deus
631 1826 712 1871 est,
732 1826 945 1879 quantum
967 1832 989 1860 a
1008 1814 1187 1860 veritate
1208 1812 1372 1858 vanitas
1384 1810 1561 1856 differt?

187 1885 460 1931 Verissimum
488 1886 654 1949 quippe
683 1886 935 1932 sententiam
971 1884 1076 1930 dixit
1110 1882 1366 1946 Apostolus,
1410 1881 1565 1945 plenus

186 1955 351 2001 lumine
369 1955 557 2001 veritatis
580 1973 590 1999 :
616 1977 636 1996 ε(
651 1955 863 2001 Animalis
880 1993 890 2011 ,
908 1955 1076 2018 inquit,
1102 1954 1239 1999 homo
1266 1969 1353 1997 non
1375 1951 1565 2015 percipit

188 2047 208 2069 »
229 2043 327 2090 quae
343 2036 443 2072 sunt
465 2026 652 2089 Spiritus
673 2027 753 2072 Dei
767 2026 800 2073 1.
825 2048 843 2068 >2
864 2027 918 2071 Et
937 2038 1079 2072 tamen
1100 2024 1152 2070 de
1173 2024 1241 2069 his
1261 2023 1347 2068 hoc
1367 2021 1560 2076 dicebat,

187 2113 296 2160 quos
312 2100 402 2156 jam
417 2095 543 2141 fuisse
556 2097 800 2159 baptizatos
818 2097 908 2159 ipse
926 2095 1184 2141 manifestat.
1210 2092 1279 2138 liis
1294 2092 1408 2136 enim
1430 2090 1561 2145 dicit,

187 2187 206 2207 α
226 2165 452 2228 Numquid
476 2165 637 2211 Paulus
650 2167 882 2211 crucifixus
895 2176 957 2210 est
986 2182 1066 2228 pro
1083 2162 1370 2217 vobis‚autin
1391 2160 1565 2205 nomine

187 2257 209 2278 2>
229 2234 355 2281 Pauli
381 2235 589 2298 baptizati
603 2236 762 2281 estis2‘?
786 2258 805 2277 »
826 2235 1174 2292 Habebantergo
1192 2232 1261 2277 isti
1274 2229 1478 2293 baptismi
1492 2246 1564 2275 sa-

188 2315 479 2361 cramentum,
500 2315 539 2350 et
561 2315 704 2351 tamen
729 2306 960 2351 carnaliter
987 2302 1214 2367 sapiendo,
1239 2299 1344 2364 quid
1363 2310 1565 2363 poterant

188 2375 242 2421 de
269 2376 359 2420 Deo
390 2374 561 2420 credere
591 2376 672 2421 nisi
701 2375 938 2422 secundum
972 2390 1141 2420 sensum
1174 2371 1313 2418 carnis
1342 2386 1453 2426 suae,
1487 2369 1566 2415 ubi

190 2444 387 2490 animalis
408 2445 542 2491 homo
566 2463 655 2491 non
678 2447 866 2509 percipit
882 2462 982 2509 quae
1010 2442 1322 2506 sunt‘Spiritus
1341 2440 1452 2485 Dei?
1474 2440 1565 2484 Ta-

188 2515 305 2562 libus
324 2514 433 2560 dicit
455 2533 466 2560 :
488 2536 508 2556 α
528 2516 626 2561 Non
656 2516 782 2579 potui
814 2516 939 2562 vobis
968 2514 1089 2578 loqui
1119 2512 1240 2577 quasi
1265 2509 1535 2574 spiritalibus
1551 2544 1563 2566 ‚

239 2598 249 2620 ¹
273 2609 285 2629 x
307 2596 797 2642 Cor.n,14.—21d.1,13.
