<?xml version="1.0" encoding="UTF-8"?>
<!DOCTYPE html PUBLIC "-//W3C//DTD XHTML 1.0 Transitional//EN"
    "http://www.w3.org/TR/xhtml1/DTD/xhtml1-transitional.dtd">
<html xmlns="http://www.w3.org/1999/xhtml" xml:lang="en" lang="en">
 <head>
  <title>
</title>
<meta http-equiv="Content-Type" content="text/html;charset=utf-8" />
  <meta name='ocr-system' content='tesseract 3.04.00' />
  <meta name='ocr-capabilities' content='ocr_page ocr_carea ocr_par ocr_line ocrx_word'/>
</head>
<body>
  <div class='ocr_page' id='page_1' title='image "./operaomniaaccura31auguuoft_0204.png"; bbox 0 0 1894 3154; ppageno 0'>
   <div class='ocr_carea' id='block_1_1' title="bbox 319 222 1687 416">
    <p class='ocr_par' dir='ltr' id='par_1_1' title="bbox 319 222 1687 416">
     <span class='ocr_line' id='line_1_1' title="bbox 329 222 1301 284; baseline -0.003 -16"><span class='ocrx_word' id='word_1_1' title='bbox 329 222 414 284; x_wconf 62' lang='lat'>192</span> <span class='ocrx_word' id='word_1_2' title='bbox 743 237 776 267; x_wconf 89' lang='grc'>5.</span> <span class='ocrx_word' id='word_1_3' title='bbox 822 236 1064 267; x_wconf 51' lang='grc'><strong>1110151111</strong></span> <span class='ocrx_word' id='word_1_4' title='bbox 1102 236 1301 266; x_wconf 61' lang='lat' dir='ltr'>iaris-cori</span> 
     </span>
     <span class='ocr_line' id='line_1_2' title="bbox 319 401 1687 416; baseline -0.002 -1"><span class='ocrx_word' id='word_1_5' title='bbox 319 401 1687 416; x_wconf 43' lang='grc' dir='ltr'>ιὶἱιὶνὶὶιὶἱῑὶἱὶὶἱὶἱὶιὶ-Ίὶ-Ᾰὶἱιὶὶὶ-Ίὶιῆἰι811,ΊὶιὶἱὶΊὶἰἱὶἱὶἱὶἱὶῒὶιὶἱλὶἱὶἱ-ἱν</span> 
     </span>
    </p>
   </div>
   <div class='ocr_carea' id='block_1_2' title="bbox 859 516 1158 584">
    <p class='ocr_par' dir='ltr' id='par_1_2' title="bbox 859 516 1158 584">
     <span class='ocr_line' id='line_1_3' title="bbox 859 516 1158 584; baseline 0.003 -23"><span class='ocrx_word' id='word_1_6' title='bbox 859 517 1039 580; x_wconf 80' lang='lat' dir='ltr'>LIBER</span> <span class='ocrx_word' id='word_1_7' title='bbox 1075 516 1158 584; x_wconf 77' lang='lat' dir='ltr'>Ill.</span> 
     </span>
    </p>
   </div>
   <div class='ocr_carea' id='block_1_3' title="bbox 318 651 1696 774">
    <p class='ocr_par' dir='ltr' id='par_1_3' title="bbox 318 651 1696 774">
     <span class='ocr_line' id='line_1_4' title="bbox 318 651 1696 712; baseline -0.004 -13"><span class='ocrx_word' id='word_1_8' title='bbox 318 657 503 712; x_wconf 70' lang='lat' dir='ltr'>Reliqua</span> <span class='ocrx_word' id='word_1_9' title='bbox 536 664 785 696; x_wconf 58' lang='lat' dir='ltr'>tractantur</span> <span class='ocrx_word' id='word_1_10' title='bbox 832 654 922 695; x_wconf 76' lang='lat' dir='ltr'>loca</span> <span class='ocrx_word' id='word_1_11' title='bbox 953 654 1200 709; x_wconf 57' lang='lat' dir='ltr'>Scriptum&amp;</span> <span class='ocrx_word' id='word_1_12' title='bbox 1232 667 1327 706; x_wconf 66' lang='grc' dir='ltr'>(μιαι2</span> <span class='ocrx_word' id='word_1_13' title='bbox 1373 651 1696 695; x_wconf 63' lang='lat' dir='ltr'>parmenianus</span> 
     </span>
     <span class='ocr_line' id='line_1_5' title="bbox 877 718 1134 774; baseline -0.008 -14"><span class='ocrx_word' id='word_1_14' title='bbox 877 718 1134 774; x_wconf 73' lang='lat' dir='ltr'><em>objectabat.</em></span> 
     </span>
    </p>
   </div>
   <div class='ocr_carea' id='block_1_4' title="bbox 316 855 1705 2043">
    <p class='ocr_par' dir='ltr' id='par_1_4' title="bbox 316 855 1705 2043">
     <span class='ocr_line' id='line_1_6' title="bbox 384 855 1698 921; baseline 0.001 -18"><span class='ocrx_word' id='word_1_15' title='bbox 384 860 418 905; x_wconf 92' lang='grc' dir='ltr'>Ι.</span> <span class='ocrx_word' id='word_1_16' title='bbox 455 858 558 904; x_wconf 74' lang='lat' dir='ltr'>CUM</span> <span class='ocrx_word' id='word_1_17' title='bbox 596 858 734 903; x_wconf 87' lang='lat' dir='ltr'>omnis</span> <span class='ocrx_word' id='word_1_18' title='bbox 758 858 833 921; x_wconf 88' lang='lat' dir='ltr'>pia</span> <span class='ocrx_word' id='word_1_19' title='bbox 856 857 967 902; x_wconf 83' lang='lat' dir='ltr'>ratio</span> <span class='ocrx_word' id='word_1_20' title='bbox 996 867 1038 901; x_wconf 86' lang='lat' dir='ltr'>et</span> <span class='ocrx_word' id='word_1_21' title='bbox 1063 855 1218 901; x_wconf 88' lang='lat' dir='ltr'>modus</span> <span class='ocrx_word' id='word_1_22' title='bbox 1239 856 1538 903; x_wconf 58' lang='lat' dir='ltr'>ecclesiasticae</span> <span class='ocrx_word' id='word_1_23' title='bbox 1562 858 1698 904; x_wconf 86' lang='lat' dir='ltr'>disci-</span> 
     </span>
     <span class='ocr_line' id='line_1_7' title="bbox 317 927 1701 993; baseline -0.001 -18"><span class='ocrx_word' id='word_1_24' title='bbox 317 929 452 993; x_wconf 81' lang='lat' dir='ltr'>plinae</span> <span class='ocrx_word' id='word_1_25' title='bbox 473 929 681 974; x_wconf 82' lang='lat' dir='ltr'>unitatem</span> <span class='ocrx_word' id='word_1_26' title='bbox 703 928 939 991; x_wconf 87' lang='lat' dir='ltr'>spiritusin</span> <span class='ocrx_word' id='word_1_27' title='bbox 965 927 1141 972; x_wconf 71' lang='lat' dir='ltr'>vinculo</span> <span class='ocrx_word' id='word_1_28' title='bbox 1174 928 1294 989; x_wconf 82' lang='lat' dir='ltr'>pacis</span> <span class='ocrx_word' id='word_1_29' title='bbox 1328 928 1510 973; x_wconf 76' lang='lat' dir='ltr'>maxime</span> <span class='ocrx_word' id='word_1_30' title='bbox 1544 928 1701 973; x_wconf 80' lang='lat' dir='ltr'>debeat</span> 
     </span>
     <span class='ocr_line' id='line_1_8' title="bbox 317 997 1700 1062; baseline -0.001 -17"><span class='ocrx_word' id='word_1_31' title='bbox 317 1000 493 1053; x_wconf 77' lang='lat' dir='ltr'>intueri,</span> <span class='ocrx_word' id='word_1_32' title='bbox 513 998 633 1062; x_wconf 87' lang='lat' dir='ltr'>quod</span> <span class='ocrx_word' id='word_1_33' title='bbox 652 998 884 1061; x_wconf 77' lang='lat' dir='ltr'>Apostolus</span> <span class='ocrx_word' id='word_1_34' title='bbox 908 997 1149 1042; x_wconf 78' lang='lat' dir='ltr'>sufferendo</span> <span class='ocrx_word' id='word_1_35' title='bbox 1170 997 1355 1042; x_wconf 63' lang='lat' dir='ltr'>invicem</span> <span class='ocrx_word' id='word_1_36' title='bbox 1379 998 1700 1060; x_wconf 63' lang='lat' dir='ltr'>prfecipitcus-</span> 
     </span>
     <span class='ocr_line' id='line_1_9' title="bbox 316 1067 1700 1131; baseline -0.001 -15"><span class='ocrx_word' id='word_1_37' title='bbox 316 1070 448 1117; x_wconf 78' lang='lat' dir='ltr'>[odiri</span> <span class='ocrx_word' id='word_1_38' title='bbox 472 1069 510 1125; x_wconf 69' lang='lat'>1,</span> <span class='ocrx_word' id='word_1_39' title='bbox 528 1080 568 1114; x_wconf 86' lang='lat' dir='ltr'>et</span> <span class='ocrx_word' id='word_1_40' title='bbox 593 1086 680 1131; x_wconf 88' lang='lat' dir='ltr'>quo</span> <span class='ocrx_word' id='word_1_41' title='bbox 697 1086 784 1113; x_wconf 91' lang='lat' dir='ltr'>non</span> <span class='ocrx_word' id='word_1_42' title='bbox 802 1067 1022 1113; x_wconf 85' lang='lat' dir='ltr'>custodito</span> <span class='ocrx_word' id='word_1_43' title='bbox 1044 1068 1257 1112; x_wconf 87' lang='lat' dir='ltr'>medicina</span> <span class='ocrx_word' id='word_1_44' title='bbox 1272 1067 1479 1113; x_wconf 56' lang='lat' dir='ltr'>vindictae</span> <span class='ocrx_word' id='word_1_45' title='bbox 1494 1086 1582 1113; x_wconf 91' lang='grc'><strong>11011</strong></span> <span class='ocrx_word' id='word_1_46' title='bbox 1600 1080 1700 1114; x_wconf 85' lang='lat' dir='ltr'>tan—</span> 
     </span>
     <span class='ocr_line' id='line_1_10' title="bbox 321 1138 1702 1202; baseline -0.001 -16"><span class='ocrx_word' id='word_1_47' title='bbox 321 1151 412 1186; x_wconf 86' lang='lat' dir='ltr'>tum</span> <span class='ocrx_word' id='word_1_48' title='bbox 434 1139 671 1202; x_wconf 69' lang='lat' dir='ltr'>superflua,</span> <span class='ocrx_word' id='word_1_49' title='bbox 689 1138 903 1183; x_wconf 81' lang='lat' dir='ltr'>sedetiam</span> <span class='ocrx_word' id='word_1_50' title='bbox 923 1138 1183 1200; x_wconf 74' lang='lat' dir='ltr'>perniciosa,</span> <span class='ocrx_word' id='word_1_51' title='bbox 1205 1147 1245 1181; x_wconf 84' lang='lat' dir='ltr'>et</span> <span class='ocrx_word' id='word_1_52' title='bbox 1266 1149 1495 1200; x_wconf 85' lang='lat' dir='ltr'>propterea</span> <span class='ocrx_word' id='word_1_53' title='bbox 1514 1141 1605 1197; x_wconf 83' lang='lat' dir='ltr'>jam</span> <span class='ocrx_word' id='word_1_54' title='bbox 1623 1156 1702 1185; x_wconf 87' lang='lat' dir='ltr'>nec</span> 
     </span>
     <span class='ocr_line' id='line_1_11' title="bbox 319 1206 1702 1270; baseline -0.001 -14"><span class='ocrx_word' id='word_1_55' title='bbox 319 1210 538 1256; x_wconf 84' lang='lat' dir='ltr'>medicina</span> <span class='ocrx_word' id='word_1_56' title='bbox 562 1226 647 1254; x_wconf 84' lang='lat' dir='ltr'>esse</span> <span class='ocrx_word' id='word_1_57' title='bbox 673 1208 952 1254; x_wconf 74' lang='lat' dir='ltr'>convincitur</span> <span class='ocrx_word' id='word_1_58' title='bbox 982 1225 991 1252; x_wconf 92' lang='lat'>:</span> <span class='ocrx_word' id='word_1_59' title='bbox 1035 1207 1097 1252; x_wconf 90' lang='grc'><strong>1111</strong></span> <span class='ocrx_word' id='word_1_60' title='bbox 1124 1207 1203 1252; x_wconf 84' lang='lat' dir='ltr'>filii</span> <span class='ocrx_word' id='word_1_61' title='bbox 1235 1206 1336 1252; x_wconf 86' lang='lat' dir='ltr'>mali</span> <span class='ocrx_word' id='word_1_62' title='bbox 1355 1244 1365 1262; x_wconf 77' lang='lat'>‚</span> <span class='ocrx_word' id='word_1_63' title='bbox 1389 1208 1464 1270; x_wconf 87' lang='lat' dir='ltr'>qui</span> <span class='ocrx_word' id='word_1_64' title='bbox 1490 1225 1577 1253; x_wconf 91' lang='grc'><strong>11011</strong></span> <span class='ocrx_word' id='word_1_65' title='bbox 1602 1209 1702 1255; x_wconf 89' lang='lat' dir='ltr'>odio</span> 
     </span>
     <span class='ocr_line' id='line_1_12' title="bbox 317 1277 1700 1344; baseline -0.001 -18"><span class='ocrx_word' id='word_1_66' title='bbox 317 1281 599 1344; x_wconf 87' lang='lat' dir='ltr'>iniqultatum</span> <span class='ocrx_word' id='word_1_67' title='bbox 624 1278 879 1333; x_wconf 84' lang='lat' dir='ltr'>alienarum,</span> <span class='ocrx_word' id='word_1_68' title='bbox 906 1278 979 1323; x_wconf 90' lang='lat' dir='ltr'>sed</span> <span class='ocrx_word' id='word_1_69' title='bbox 998 1277 1141 1322; x_wconf 88' lang='lat' dir='ltr'>studio</span> <span class='ocrx_word' id='word_1_70' title='bbox 1170 1278 1498 1323; x_wconf 79' lang='lat' dir='ltr'>contentionum</span> <span class='ocrx_word' id='word_1_71' title='bbox 1526 1296 1700 1324; x_wconf 88' lang='lat' dir='ltr'>suarum</span> 
     </span>
     <span class='ocr_line' id='line_1_13' title="bbox 319 1347 1703 1412; baseline -0.001 -16"><span class='ocrx_word' id='word_1_72' title='bbox 319 1351 516 1397; x_wconf 86' lang='lat' dir='ltr'>infirmas</span> <span class='ocrx_word' id='word_1_73' title='bbox 536 1348 686 1412; x_wconf 84' lang='lat' dir='ltr'>plebes</span> <span class='ocrx_word' id='word_1_74' title='bbox 705 1349 915 1408; x_wconf 80' lang='lat' dir='ltr'>jactantia</span> <span class='ocrx_word' id='word_1_75' title='bbox 950 1348 1015 1393; x_wconf 90' lang='lat' dir='ltr'>sui</span> <span class='ocrx_word' id='word_1_76' title='bbox 1040 1348 1226 1392; x_wconf 89' lang='lat' dir='ltr'>nominis</span> <span class='ocrx_word' id='word_1_77' title='bbox 1260 1347 1445 1393; x_wconf 83' lang='lat' dir='ltr'>irretitas</span> <span class='ocrx_word' id='word_1_78' title='bbox 1465 1386 1475 1401; x_wconf 72' lang='lat'>‚</span> <span class='ocrx_word' id='word_1_79' title='bbox 1499 1348 1565 1394; x_wconf 66' lang='lat' dir='ltr'>vel</span> <span class='ocrx_word' id='word_1_80' title='bbox 1593 1360 1703 1394; x_wconf 86' lang='lat' dir='ltr'>totas</span> 
     </span>
     <span class='ocr_line' id='line_1_14' title="bbox 324 1418 1699 1480; baseline -0.001 -15"><span class='ocrx_word' id='word_1_81' title='bbox 324 1420 511 1474; x_wconf 76' lang='lat' dir='ltr'>trahere,</span> <span class='ocrx_word' id='word_1_82' title='bbox 538 1418 606 1464; x_wconf 64' lang='lat' dir='ltr'>vel</span> <span class='ocrx_word' id='word_1_83' title='bbox 626 1429 739 1463; x_wconf 86' lang='lat' dir='ltr'>certe</span> <span class='ocrx_word' id='word_1_84' title='bbox 774 1418 967 1463; x_wconf 77' lang='lat' dir='ltr'>dividere</span> <span class='ocrx_word' id='word_1_85' title='bbox 1003 1418 1229 1473; x_wconf 72' lang='lat' dir='ltr'>affectant,</span> <span class='ocrx_word' id='word_1_86' title='bbox 1276 1418 1480 1480; x_wconf 79' lang='lat' dir='ltr'>superbia</span> <span class='ocrx_word' id='word_1_87' title='bbox 1524 1418 1699 1474; x_wconf 83' lang='lat' dir='ltr'>tumidi,</span> 
     </span>
     <span class='ocr_line' id='line_1_15' title="bbox 318 1487 1704 1554; baseline -0.001 -19"><span class='ocrx_word' id='word_1_88' title='bbox 318 1489 567 1554; x_wconf 78' lang='lat' dir='ltr'>pervicacia</span> <span class='ocrx_word' id='word_1_89' title='bbox 591 1488 758 1543; x_wconf 78' lang='lat' dir='ltr'>vesani,</span> <span class='ocrx_word' id='word_1_90' title='bbox 784 1487 1013 1533; x_wconf 85' lang='lat' dir='ltr'>calumniis</span> <span class='ocrx_word' id='word_1_91' title='bbox 1038 1487 1257 1543; x_wconf 77' lang='lat' dir='ltr'>insidiosi,</span> <span class='ocrx_word' id='word_1_92' title='bbox 1289 1487 1574 1540; x_wconf 80' lang='lat' dir='ltr'>seditionibus</span> <span class='ocrx_word' id='word_1_93' title='bbox 1610 1499 1704 1534; x_wconf 85' lang='lat' dir='ltr'>tur—</span> 
     </span>
     <span class='ocr_line' id='line_1_16' title="bbox 321 1559 1703 1615; baseline -0.001 -9"><span class='ocrx_word' id='word_1_94' title='bbox 321 1561 510 1615; x_wconf 83' lang='lat' dir='ltr'>bulenti,</span> <span class='ocrx_word' id='word_1_95' title='bbox 535 1577 588 1605; x_wconf 87' lang='lat' dir='ltr'>ne</span> <span class='ocrx_word' id='word_1_96' title='bbox 606 1559 702 1605; x_wconf 88' lang='lat' dir='ltr'>luce</span> <span class='ocrx_word' id='word_1_97' title='bbox 718 1559 907 1605; x_wconf 82' lang='lat' dir='ltr'>veritatis</span> <span class='ocrx_word' id='word_1_98' title='bbox 932 1576 1076 1604; x_wconf 87' lang='lat' dir='ltr'>carere</span> <span class='ocrx_word' id='word_1_99' title='bbox 1103 1559 1403 1615; x_wconf 78' lang='lat' dir='ltr'>ostendantur,</span> <span class='ocrx_word' id='word_1_100' title='bbox 1432 1561 1634 1610; x_wconf 82' lang='lat' dir='ltr'>umbram</span> <span class='ocrx_word' id='word_1_101' title='bbox 1648 1560 1703 1605; x_wconf 89' lang='lat' dir='ltr'>ri-</span> 
     </span>
     <span class='ocr_line' id='line_1_17' title="bbox 324 1629 1705 1693; baseline -0.001 -16"><span class='ocrx_word' id='word_1_102' title='bbox 324 1631 437 1692; x_wconf 84' lang='lat' dir='ltr'>gidae</span> <span class='ocrx_word' id='word_1_103' title='bbox 472 1630 707 1676; x_wconf 84' lang='lat' dir='ltr'>severitatis</span> <span class='ocrx_word' id='word_1_104' title='bbox 733 1629 997 1685; x_wconf 81' lang='lat' dir='ltr'>obtendunt,</span> <span class='ocrx_word' id='word_1_105' title='bbox 1022 1641 1063 1674; x_wconf 89' lang='lat' dir='ltr'>et</span> <span class='ocrx_word' id='word_1_106' title='bbox 1086 1647 1187 1692; x_wconf 80' lang='lat' dir='ltr'>quae</span> <span class='ocrx_word' id='word_1_107' title='bbox 1204 1630 1249 1674; x_wconf 88' lang='grc'>111</span> <span class='ocrx_word' id='word_1_108' title='bbox 1275 1630 1515 1693; x_wconf 84' lang='lat' dir='ltr'>Scripturis</span> <span class='ocrx_word' id='word_1_109' title='bbox 1546 1634 1705 1676; x_wconf 86' lang='lat' dir='ltr'>sanctis</span> 
     </span>
     <span class='ocr_line' id='line_1_18' title="bbox 328 1699 1704 1763; baseline -0.001 -16"><span class='ocrx_word' id='word_1_110' title='bbox 328 1701 442 1747; x_wconf 78' lang='lat' dir='ltr'>salva</span> <span class='ocrx_word' id='word_1_111' title='bbox 465 1700 710 1746; x_wconf 82' lang='lat' dir='ltr'>dilectionis</span> <span class='ocrx_word' id='word_1_112' title='bbox 729 1700 974 1745; x_wconf 75' lang='lat' dir='ltr'>sinceritate</span> <span class='ocrx_word' id='word_1_113' title='bbox 999 1711 1040 1744; x_wconf 90' lang='lat' dir='ltr'>et</span> <span class='ocrx_word' id='word_1_114' title='bbox 1057 1699 1277 1745; x_wconf 80' lang='lat' dir='ltr'>custodita</span> <span class='ocrx_word' id='word_1_115' title='bbox 1296 1702 1416 1763; x_wconf 84' lang='lat' dir='ltr'>pacis</span> <span class='ocrx_word' id='word_1_116' title='bbox 1439 1702 1621 1757; x_wconf 83' lang='lat' dir='ltr'>unitate,</span> <span class='ocrx_word' id='word_1_117' title='bbox 1649 1700 1704 1746; x_wconf 84' lang='lat' dir='ltr'>ad</span> 
     </span>
     <span class='ocr_line' id='line_1_19' title="bbox 322 1770 1700 1834; baseline -0.001 -17"><span class='ocrx_word' id='word_1_118' title='bbox 322 1770 576 1831; x_wconf 83' lang='lat' dir='ltr'>corrigenda</span> <span class='ocrx_word' id='word_1_119' title='bbox 600 1770 789 1816; x_wconf 82' lang='lat' dir='ltr'>fraterna</span> <span class='ocrx_word' id='word_1_120' title='bbox 814 1771 920 1816; x_wconf 78' lang='lat' dir='ltr'>vitia</span> <span class='ocrx_word' id='word_1_121' title='bbox 939 1770 1203 1816; x_wconf 81' lang='lat' dir='ltr'>mordaciori</span> <span class='ocrx_word' id='word_1_122' title='bbox 1223 1772 1446 1816; x_wconf 80' lang='lat' dir='ltr'>curatione</span> <span class='ocrx_word' id='word_1_123' title='bbox 1467 1772 1561 1817; x_wconf 84' lang='lat' dir='ltr'>fieri</span> <span class='ocrx_word' id='word_1_124' title='bbox 1580 1789 1700 1834; x_wconf 84' lang='lat' dir='ltr'>prae-</span> 
     </span>
     <span class='ocr_line' id='line_1_20' title="bbox 327 1841 1704 1905; baseline -0.001 -17"><span class='ocrx_word' id='word_1_125' title='bbox 327 1852 454 1905; x_wconf 86' lang='lat' dir='ltr'>cepta</span> <span class='ocrx_word' id='word_1_126' title='bbox 476 1851 575 1886; x_wconf 88' lang='lat' dir='ltr'>sunt</span> <span class='ocrx_word' id='word_1_127' title='bbox 607 1841 660 1886; x_wconf 89' lang='lat' dir='ltr'>ad</span> <span class='ocrx_word' id='word_1_128' title='bbox 696 1842 966 1900; x_wconf 81' lang='lat' dir='ltr'>sacrilegium</span> <span class='ocrx_word' id='word_1_129' title='bbox 1005 1841 1250 1886; x_wconf 78' lang='lat' dir='ltr'>schismatis</span> <span class='ocrx_word' id='word_1_130' title='bbox 1276 1853 1316 1886; x_wconf 88' lang='lat' dir='ltr'>et</span> <span class='ocrx_word' id='word_1_131' title='bbox 1343 1841 1395 1886; x_wconf 87' lang='lat' dir='ltr'>ad</span> <span class='ocrx_word' id='word_1_132' title='bbox 1435 1843 1704 1887; x_wconf 81' lang='lat' dir='ltr'>occasionem</span> 
     </span>
     <span class='ocr_line' id='line_1_21' title="bbox 326 1911 1699 1976; baseline -0.001 -18"><span class='ocrx_word' id='word_1_133' title='bbox 326 1911 594 1976; x_wconf 87' lang='lat' dir='ltr'>praecisionis</span> <span class='ocrx_word' id='word_1_134' title='bbox 634 1922 874 1974; x_wconf 85' lang='lat' dir='ltr'>usurpant,</span> <span class='ocrx_word' id='word_1_135' title='bbox 918 1911 1140 1957; x_wconf 87' lang='lat' dir='ltr'>dicentes:</span> <span class='ocrx_word' id='word_1_136' title='bbox 1173 1933 1192 1951; x_wconf 83' lang='lat'>«</span> <span class='ocrx_word' id='word_1_137' title='bbox 1214 1913 1327 1957; x_wconf 86' lang='lat' dir='ltr'>Ecce</span> <span class='ocrx_word' id='word_1_138' title='bbox 1368 1912 1425 1956; x_wconf 87' lang='lat' dir='ltr'>ait</span> <span class='ocrx_word' id='word_1_139' title='bbox 1450 1913 1699 1975; x_wconf 79' lang='lat' dir='ltr'>Apostolus,</span> 
     </span>
     <span class='ocr_line' id='line_1_22' title="bbox 325 1981 1704 2043; baseline 0.001 -18"><span class='ocrx_word' id='word_1_140' title='bbox 325 2004 347 2026; x_wconf 76' lang='grc' dir='ltr'>&gt;ι</span> <span class='ocrx_word' id='word_1_141' title='bbox 374 1981 546 2029; x_wconf 81' lang='lat' dir='ltr'>Auferte</span> <span class='ocrx_word' id='word_1_142' title='bbox 586 1981 747 2026; x_wconf 87' lang='lat' dir='ltr'>malum</span> <span class='ocrx_word' id='word_1_143' title='bbox 785 1998 831 2026; x_wconf 87' lang='lat' dir='ltr'>ex</span> <span class='ocrx_word' id='word_1_144' title='bbox 863 1982 987 2027; x_wconf 76' lang='lat' dir='ltr'>vobis</span> <span class='ocrx_word' id='word_1_145' title='bbox 1018 1981 1121 2043; x_wconf 86' lang='lat' dir='ltr'>ipsis</span> <span class='ocrx_word' id='word_1_146' title='bbox 1141 1981 1173 2027; x_wconf 76' lang='lat'>2.</span> <span class='ocrx_word' id='word_1_147' title='bbox 1201 2003 1220 2022; x_wconf 62' lang='lat'>&gt;³</span> <span class='ocrx_word' id='word_1_148' title='bbox 1269 1982 1400 2038; x_wconf 85' lang='lat' dir='ltr'>Quod</span> <span class='ocrx_word' id='word_1_149' title='bbox 1427 1983 1586 2027; x_wconf 83' lang='lat' dir='ltr'>malum</span> <span class='ocrx_word' id='word_1_150' title='bbox 1613 1983 1704 2028; x_wconf 91' lang='lat' dir='ltr'>uti-</span> 
     </span>
    </p>
   </div>
   <div class='ocr_carea' id='block_1_5' title="bbox 323 2051 1706 2164">
    <p class='ocr_par' dir='ltr' id='par_1_5' title="bbox 323 2051 1706 2164">
     <span class='ocr_line' id='line_1_23' title="bbox 323 2051 1706 2117; baseline 0 -19"><span class='ocrx_word' id='word_1_151' title='bbox 323 2069 408 2117; x_wconf 88' lang='lat' dir='ltr'>que</span> <span class='ocrx_word' id='word_1_152' title='bbox 443 2051 477 2097; x_wconf 91' lang='grc'>51</span> <span class='ocrx_word' id='word_1_153' title='bbox 506 2051 706 2111; x_wconf 80' lang='lat' dir='ltr'>integris,</span> <span class='ocrx_word' id='word_1_154' title='bbox 746 2051 976 2114; x_wconf 80' lang='lat' dir='ltr'>inquiunt,</span> <span class='ocrx_word' id='word_1_155' title='bbox 1018 2068 1106 2096; x_wconf 87' lang='lat' dir='ltr'>non</span> <span class='ocrx_word' id='word_1_156' title='bbox 1136 2051 1323 2106; x_wconf 77' lang='lat' dir='ltr'>obesset,</span> <span class='ocrx_word' id='word_1_157' title='bbox 1364 2070 1443 2098; x_wconf 90' lang='lat' dir='ltr'>nec</span> <span class='ocrx_word' id='word_1_158' title='bbox 1476 2054 1706 2112; x_wconf 76' lang='lat' dir='ltr'>J&#39;uberetur</span> 
     </span>
     <span class='ocr_line' id='line_1_24' title="bbox 327 2116 550 2164; baseline -0.009 0"><span class='ocrx_word' id='word_1_159' title='bbox 327 2116 499 2164; x_wconf 88' lang='lat' dir='ltr'>auferri.</span> <span class='ocrx_word' id='word_1_160' title='bbox 530 2137 550 2158; x_wconf 83' lang='lat'>»</span> 
     </span>
    </p>
   </div>
   <div class='ocr_carea' id='block_1_6' title="bbox 326 2184 1707 2536">
    <p class='ocr_par' dir='ltr' id='par_1_6' title="bbox 326 2184 1707 2536">
     <span class='ocr_line' id='line_1_25' title="bbox 396 2184 1707 2234; baseline 0.002 -2"><span class='ocrx_word' id='word_1_161' title='bbox 396 2188 456 2232; x_wconf 90' lang='grc' dir='ltr'>ΙΙ.</span> <span class='ocrx_word' id='word_1_162' title='bbox 484 2185 663 2231; x_wconf 90' lang='lat' dir='ltr'>Interim</span> <span class='ocrx_word' id='word_1_163' title='bbox 687 2184 912 2231; x_wconf 81' lang='lat' dir='ltr'>videamus</span> <span class='ocrx_word' id='word_1_164' title='bbox 931 2203 984 2231; x_wconf 88' lang='lat' dir='ltr'>ne</span> <span class='ocrx_word' id='word_1_165' title='bbox 1005 2185 1114 2232; x_wconf 85' lang='lat' dir='ltr'>forte</span> <span class='ocrx_word' id='word_1_166' title='bbox 1137 2204 1225 2232; x_wconf 91' lang='lat' dir='ltr'>non</span> <span class='ocrx_word' id='word_1_167' title='bbox 1253 2186 1414 2233; x_wconf 82' lang='lat' dir='ltr'>frustra</span> <span class='ocrx_word' id='word_1_168' title='bbox 1442 2205 1531 2234; x_wconf 90' lang='lat' dir='ltr'>non</span> <span class='ocrx_word' id='word_1_169' title='bbox 1555 2188 1707 2234; x_wconf 82' lang='lat' dir='ltr'>dixerit</span> 
     </span>
     <span class='ocr_line' id='line_1_26' title="bbox 330 2254 1703 2322; baseline 0.001 -19"><span class='ocrx_word' id='word_1_170' title='bbox 330 2256 564 2322; x_wconf 85' lang='lat' dir='ltr'>Apostolus</span> <span class='ocrx_word' id='word_1_171' title='bbox 587 2274 597 2301; x_wconf 90' lang='lat'>:</span> <span class='ocrx_word' id='word_1_172' title='bbox 626 2254 804 2302; x_wconf 76' lang='lat' dir='ltr'>Auferte</span> <span class='ocrx_word' id='word_1_173' title='bbox 829 2257 966 2303; x_wconf 89' lang='lat' dir='ltr'>malos</span> <span class='ocrx_word' id='word_1_174' title='bbox 990 2275 1012 2302; x_wconf 88' lang='lat' dir='ltr'>a</span> <span class='ocrx_word' id='word_1_175' title='bbox 1031 2259 1358 2317; x_wconf 75' lang='lat' dir='ltr'>congregatione</span> <span class='ocrx_word' id='word_1_176' title='bbox 1381 2270 1520 2305; x_wconf 74' lang='lat' dir='ltr'>vestra</span> <span class='ocrx_word' id='word_1_177' title='bbox 1544 2260 1588 2313; x_wconf 64' lang='grc' dir='ltr'>ὃς</span> <span class='ocrx_word' id='word_1_178' title='bbox 1611 2260 1703 2315; x_wconf 69' lang='lat' dir='ltr'>sed,</span> 
     </span>
     <span class='ocr_line' id='line_1_27' title="bbox 331 2326 1707 2393; baseline 0.003 -22"><span class='ocrx_word' id='word_1_179' title='bbox 331 2350 353 2371; x_wconf 77' lang='grc' dir='ltr'>α</span> <span class='ocrx_word' id='word_1_180' title='bbox 380 2328 554 2375; x_wconf 87' lang='lat' dir='ltr'>Auferte</span> <span class='ocrx_word' id='word_1_181' title='bbox 594 2326 756 2372; x_wconf 83' lang='lat' dir='ltr'>malum</span> <span class='ocrx_word' id='word_1_182' title='bbox 788 2345 834 2373; x_wconf 85' lang='lat' dir='ltr'>ex</span> <span class='ocrx_word' id='word_1_183' title='bbox 865 2328 989 2373; x_wconf 76' lang='lat' dir='ltr'>vobis</span> <span class='ocrx_word' id='word_1_184' title='bbox 1024 2328 1126 2391; x_wconf 85' lang='lat' dir='ltr'>ipsis</span> <span class='ocrx_word' id='word_1_185' title='bbox 1154 2346 1164 2372; x_wconf 78' lang='lat' dir='ltr'>t</span> <span class='ocrx_word' id='word_1_186' title='bbox 1189 2350 1208 2369; x_wconf 91' lang='lat'>»</span> <span class='ocrx_word' id='word_1_187' title='bbox 1236 2330 1338 2391; x_wconf 84' lang='lat' dir='ltr'>quia</span> <span class='ocrx_word' id='word_1_188' title='bbox 1380 2346 1479 2374; x_wconf 88' lang='lat' dir='ltr'>cum</span> <span class='ocrx_word' id='word_1_189' title='bbox 1525 2331 1707 2393; x_wconf 87' lang='lat' dir='ltr'>quisque</span> 
     </span>
     <span class='ocr_line' id='line_1_28' title="bbox 329 2397 1706 2463; baseline -0.001 -16"><span class='ocrx_word' id='word_1_190' title='bbox 329 2397 569 2463; x_wconf 86' lang='lat' dir='ltr'>impeditur</span> <span class='ocrx_word' id='word_1_191' title='bbox 584 2397 639 2441; x_wconf 88' lang='lat' dir='ltr'>ab</span> <span class='ocrx_word' id='word_1_192' title='bbox 671 2397 875 2443; x_wconf 81' lang='lat' dir='ltr'>Ecclesiae</span> <span class='ocrx_word' id='word_1_193' title='bbox 901 2399 1230 2458; x_wconf 84' lang='lat' dir='ltr'>congregatione</span> <span class='ocrx_word' id='word_1_194' title='bbox 1254 2398 1389 2444; x_wconf 84' lang='lat' dir='ltr'>malos</span> <span class='ocrx_word' id='word_1_195' title='bbox 1413 2400 1611 2445; x_wconf 86' lang='lat' dir='ltr'>homines</span> <span class='ocrx_word' id='word_1_196' title='bbox 1638 2417 1706 2444; x_wconf 87' lang='lat' dir='ltr'>se-</span> 
     </span>
     <span class='ocr_line' id='line_1_29' title="bbox 326 2467 1706 2536; baseline 0 -20"><span class='ocrx_word' id='word_1_197' title='bbox 326 2485 498 2536; x_wconf 86' lang='lat' dir='ltr'>parare,</span> <span class='ocrx_word' id='word_1_198' title='bbox 520 2467 553 2512; x_wconf 88' lang='lat' dir='ltr'>si</span> <span class='ocrx_word' id='word_1_199' title='bbox 577 2483 624 2512; x_wconf 83' lang='lat' dir='ltr'>ex</span> <span class='ocrx_word' id='word_1_200' title='bbox 640 2483 681 2511; x_wconf 87' lang='lat' dir='ltr'>se</span> <span class='ocrx_word' id='word_1_201' title='bbox 697 2468 792 2530; x_wconf 87' lang='lat' dir='ltr'>ipso</span> <span class='ocrx_word' id='word_1_202' title='bbox 811 2467 978 2514; x_wconf 85' lang='lat' dir='ltr'>auferat</span> <span class='ocrx_word' id='word_1_203' title='bbox 1005 2468 1186 2526; x_wconf 80' lang='lat' dir='ltr'>malum,</span> <span class='ocrx_word' id='word_1_204' title='bbox 1212 2486 1299 2515; x_wconf 89' lang='lat' dir='ltr'>non</span> <span class='ocrx_word' id='word_1_205' title='bbox 1320 2470 1376 2515; x_wconf 88' lang='lat' dir='ltr'>eis</span> <span class='ocrx_word' id='word_1_206' title='bbox 1398 2470 1529 2515; x_wconf 85' lang='lat' dir='ltr'>corde</span> <span class='ocrx_word' id='word_1_207' title='bbox 1549 2470 1706 2516; x_wconf 84' lang='grc'><strong>1111566-</strong></span> 
     </span>
    </p>
   </div>
   <div class='ocr_carea' id='block_1_7' title="bbox 367 2554 1483 2604">
    <p class='ocr_par' dir='ltr' id='par_1_7' title="bbox 367 2554 1483 2604">
     <span class='ocr_line' id='line_1_30' title="bbox 367 2554 1483 2604; baseline 0.002 -13"><span class='ocrx_word' id='word_1_208' title='bbox 367 2559 379 2583; x_wconf 84' lang='lat'><strong>¹</strong></span> <span class='ocrx_word' id='word_1_209' title='bbox 398 2557 515 2604; x_wconf 79' lang='lat' dir='ltr'>Ephes.</span> <span class='ocrx_word' id='word_1_210' title='bbox 535 2564 578 2591; x_wconf 77' lang='lat' dir='ltr'>lv.</span> <span class='ocrx_word' id='word_1_211' title='bbox 595 2557 625 2588; x_wconf 82' lang='grc'>3.</span> <span class='ocrx_word' id='word_1_212' title='bbox 641 2573 687 2581; x_wconf 93' lang='lat'><em>-</em></span> <span class='ocrx_word' id='word_1_213' title='bbox 702 2554 718 2578; x_wconf 85' lang='lat'><strong>²</strong></span> <span class='ocrx_word' id='word_1_214' title='bbox 738 2568 751 2588; x_wconf 88' lang='lat'>1</span> <span class='ocrx_word' id='word_1_215' title='bbox 774 2558 847 2590; x_wconf 86' lang='lat' dir='ltr'>Cor.</span> <span class='ocrx_word' id='word_1_216' title='bbox 861 2569 891 2598; x_wconf 90' lang='lat' dir='ltr'>v,</span> <span class='ocrx_word' id='word_1_217' title='bbox 910 2560 962 2590; x_wconf 83' lang='lat'>13.</span> <span class='ocrx_word' id='word_1_218' title='bbox 978 2577 1023 2584; x_wconf 93' lang='lat'>—</span> <span class='ocrx_word' id='word_1_219' title='bbox 1038 2556 1052 2582; x_wconf 84' lang='lat'><strong>3</strong></span> <span class='ocrx_word' id='word_1_220' title='bbox 1066 2559 1149 2591; x_wconf 86' lang='lat' dir='ltr'>Vide</span> <span class='ocrx_word' id='word_1_221' title='bbox 1165 2570 1182 2591; x_wconf 90' lang='lat'>2</span> <span class='ocrx_word' id='word_1_222' title='bbox 1197 2562 1342 2592; x_wconf 76' lang='lat' dir='ltr'>Retract.</span> <span class='ocrx_word' id='word_1_223' title='bbox 1360 2570 1429 2603; x_wconf 83' lang='lat' dir='ltr'>cap.</span> <span class='ocrx_word' id='word_1_224' title='bbox 1452 2571 1483 2599; x_wconf 87' lang='lat'>7.</span> 
     </span>
    </p>
   </div>
   <div class='ocr_carea' id='block_1_8' title="bbox 1865 0 1894 2946">
    <p class='ocr_par' dir='ltr' id='par_1_8' title="bbox 1865 0 1894 2946">
     <span class='ocr_line' id='line_1_31' title="bbox 1865 0 1894 2946; baseline 0 0"><span class='ocrx_word' id='word_1_225' title='bbox 1865 0 1894 2946; x_wconf 95' lang='lat' dir='ltr'> </span> 
     </span>
    </p>
   </div>
  </div>
 </body>
</html>
