1894 3154
373 291 458 352 19ss
785 299 818 328 s.
863 298 1103 328 Acct'suxi
1142 298 1342 327 El‘lscopl

365 388 418 416 ne
436 369 653 414 frumenta
668 364 901 411 laedantur.
932 364 994 408 Ea
1011 364 1179 426 quippe
1200 363 1437 409 intentione
1454 363 1650 426 quisquis
1671 364 1736 409 in-

362 451 427 487 ter
438 439 634 486 triticum
647 436 804 481 zizania
820 434 1081 483 toleraverit,
1105 434 1336 480 auferendo
1352 453 1374 480 a
1390 452 1431 480 se
1443 435 1537 497 ipso
1552 434 1711 480 malum
1722 471 1732 490 ‚

362 529 453 558 non
477 511 534 556 eis
559 506 853 555 communicat
873 523 883 549 :
911 515 951 550 et
970 522 1017 549 ea
1056 504 1285 564 distinguit
1307 523 1354 551 ac
1370 505 1542 565 judicat
1565 506 1736 551 interim

363 583 419 628 ad
443 582 582 633 diem;
609 596 696 624 non
719 578 835 622 enim
860 575 982 622 novit
999 575 1107 639 quid
1123 593 1221 620 cras
1237 575 1437 621 futurum
1454 577 1507 621 sit
1535 595 1546 622 ι
1582 587 1623 622 et
1640 577 1738 622 ideo

361 653 594 699 dilectione
611 659 794 703 servata,
812 664 900 692 non
915 646 1004 692 sine
1028 664 1104 710 spe
1124 647 1401 692 correctionis
1425 647 1736 695 vindicandum

361 735 440 780 est,
462 719 678 786 quidquid
714 719 841 764 etiam
874 717 991 778 cogit
1012 718 1249 763 necessaria
1274 718 1472 763 severitas
1503 718 1733 764 vindicari.

363 793 496 850 Quod
519 803 569 838 ut
595 790 694 836 satis
714 799 940 852 appareat,
978 799 1120 835 totum
1155 789 1301 852 ipsum
1327 788 1522 852 epistolae
1548 790 1740 852 Aposto-

361 864 461 910 licae
484 863 629 908 locum
660 859 909 919 diligentius
929 869 1177 906 tractemus,

428 935 511 979 ΙΙΙ,
537 954 557 973 «
578 930 698 988 Quid
716 929 866 983 vultis,
896 929 1069 992 inquit?
1090 930 1138 973 In
1164 929 1284 989 virga
1308 929 1477 975 veniam
1495 928 1548 974 ad
1571 945 1662 985 VOS,
1682 947 1737 974 an

361 1026 384 1047 >)
406 1005 452 1050 in
478 1001 690 1048 charitate
712 1010 754 1044 et
779 999 933 1062 spiritu
968 998 1370 1044 mansuetudinis19
1398 1021 1418 1040 »
1438 999 1536 1043 Jam
1558 999 1634 1044 hic
1658 1017 1742 1062 ap-

365 1085 492 1140 paret
509 1090 607 1118 eum
623 1070 746 1133 loqui
763 1069 815 1114 de
835 1069 1052 1125 vindicta,
1077 1069 1131 1114 ad
1151 1073 1219 1128 cuj
1229 1086 1275 1114 us
1288 1069 1645 1128 significationem
1656 1069 1742 1115 vir-

363 1162 460 1205 gam
486 1140 741 1188 nominavit.
774 1138 1004 1201 Numquid
1026 1149 1170 1184 tamen
1204 1150 1245 1184 et
1270 1139 1388 1197 virga
1419 1139 1508 1184 sine
1526 1138 1741 1184 charitate

366 1226 446 1270 est,
473 1213 576 1277 quia
599 1212 660 1256 ita
691 1208 937 1254 contexuit:
965 1229 985 1248 α
1009 1211 1060 1253 ln
1083 1209 1202 1268 virga
1228 1209 1398 1254 veniam
1432 1207 1487 1253 ad
1512 1225 1603 1263 vos,
1630 1226 1684 1252 an
1697 1208 1744 1253 in

364 1307 386 1327 »
401 1284 643 1330 charitate?
659 1302 678 1321 »
698 1278 782 1323 Sed
807 1278 926 1340 quod
945 1278 1158 1341 sequitur,
1186 1278 1343 1341 spiritu
1365 1277 1708 1323 mansuetudinis
1728 1295 1739 1322 :

365 1354 572 1401 admonet
601 1348 809 1407 intelligi,
838 1347 940 1410 quia
966 1358 1007 1393 et
1032 1348 1152 1407 virga
1176 1348 1433 1394 charitatem
1464 1348 1612 1394 habet.
1659 1347 1744 1393 Sed

369 1424 488 1471 aliud
499 1433 561 1468 est
573 1420 763 1467 charitas
774 1418 1007 1472 servitutis,
1028 1417 1145 1462 aliud
1166 1418 1357 1463 charitas
1372 1417 1741 1462 mansuetudinis:

368 1496 465 1541 Una
485 1492 661 1557 quidem
678 1489 867 1536 charitas
881 1498 964 1542 est,
982 1487 1053 1532 sed
1067 1487 1235 1532 diversa
1259 1489 1303 1533 in
1323 1488 1500 1534 diversis
1519 1498 1738 1551 operatur.

367 1587 389 1608 >³
416 1563 627 1612 Omnino,
651 1559 818 1623 inquit,
855 1558 1032 1603 auditur
1057 1559 1168 1603 inter
1197 1575 1271 1603 vos
1299 1558 1559 1620 fornicati02
1583 1569 1624 1603 et
1651 1558 1747 1603 talis

370 1657 392 1677 »
414 1632 643 1679 fornicatio
658 1629 797 1693 qualis
810 1646 887 1673 nec
903 1628 947 1672 in
960 1628 1177 1688 gentibus,
1195 1629 1254 1673 ita
1271 1639 1319 1673 ut
1333 1645 1505 1673 uxorem
1531 1628 1667 1691 patris
1681 1628 1748 1673 sui

370 1706 501 1770 »quis
521 1702 726 1749 habeat‘ss.
747 1723 767 1742 »
782 1703 848 1745 De
876 1710 960 1745 tam
975 1700 1154 1745 immani
1168 1699 1284 1745 facto
1301 1699 1524 1745 videamus
1541 1699 1749 1762 quemad-

369 1776 551 1823 modum
563 1791 632 1820 eos
644 1771 792 1818 saevire
810 1770 1055 1834 praecipiat.
1076 1792 1096 1812 α
1118 1771 1171 1814 Et
1186 1787 1278 1827 vos,
1296 1770 1454 1833 inquit⁵
1471 1769 1611 1815 inflati
1629 1769 1744 1825 estis,

370 1869 392 1889 n
418 1857 460 1892 et
488 1863 574 1891 non
594 1843 740 1907 potius
770 1841 939 1886 luctum
955 1841 1186 1895 habuistis,
1219 1851 1267 1885 ut
1292 1840 1513 1885 tolleretur
1532 1840 1585 1885 de
1605 1840 1748 1886 medio

374 1940 395 1961 »
411 1927 621 1970 vestrum,
640 1913 813 1976 quihoc
828 1928 938 1973 opus
948 1910 1064 1956 fecit.
1083 1911 1229 1966 Quare
1242 1911 1408 1956 luctum
1422 1911 1587 1974 potius,
1609 1922 1651 1956 et
1662 1928 1749 1956 non

373 2011 394 2031 »
418 1988 527 2033 iram
546 1983 739 2047 nisiquia
758 1982 789 2027 si
808 1981 977 2044 patitur
991 1997 1126 2026 unum
1139 1981 1403 2035 membrum,
1419 1981 1750 2044 compatiuntur

373 2081 395 2102 »
416 2057 560 2104 omnia
574 2054 770 2100 membra
789 2053 836 2097 3‘?
854 2074 873 2092 ›)
894 2062 937 2096 et
954 2069 1041 2096 non
1059 2051 1247 2107 luctum,
1271 2051 1372 2114 quia
1390 2051 1624 2096 tollebatur
1640 2071 1650 2104 ;
1677 2050 1749 2096 sed

379 2129 569 2180 luctum,
591 2124 751 2187 inquit,
781 2133 829 2167 ut
848 2120 1071 2166 tolleretur
1093 2139 1103 2165 ε
1125 2121 1169 2166 id
1191 2131 1268 2178 est,
1292 2131 1341 2166 ut
1359 2120 1599 2180 lugentium
1626 2120 1751 2166 dolor

384 2199 438 2246 ad
462 2202 599 2242 Deum
623 2192 887 2247 ascenderet,
915 2202 957 2236 et
974 2191 1064 2254 ipse
1092 2191 1257 2237 tolleret
1282 2191 1368 2236 hoc
1395 2207 1504 2253 opus
1528 2190 1580 2235 de
1608 2190 1750 2235 medio

381 2285 529 2315 eorum
540 2304 550 2323 ,
562 2264 780 2327 sicutipse
795 2263 936 2318 sciret,
961 2279 1013 2307 ne
1028 2261 1135 2307 forte
1145 2261 1207 2306 illi
1224 2279 1303 2324 per
1319 2261 1561 2306 humanam
1576 2261 1752 2323 imperi-

383 2341 488 2386 tiam
515 2336 783 2382 eradicarent
808 2344 849 2378 et
875 2333 1081 2378 triticum.
1107 2333 1220 2377 Cum
1239 2349 1338 2391 ergo
1359 2331 1413 2376 ad
1434 2331 1559 2376 talem
1584 2330 1751 2376 vindic-

382 2422 467 2457 tam
482 2408 707 2453 necessitas
723 2405 856 2464 cogit‚
874 2403 1099 2449 humilitas
1110 2402 1350 2462 lugentium
1371 2401 1501 2447 debet
1521 2402 1752 2464 impetrare

380 2477 741 2528 misericordiam,
770 2492 901 2538 quam
927 2473 1096 2537 repellit
1117 2473 1319 2535 superbia
1343 2471 1610 2517 saevientium
1636 2488 1645 2515 :
1672 2487 1753 2516 nec

380 2553 497 2600 illius
517 2549 652 2614 ipsius
675 2547 751 2611 qui
778 2547 831 2592 de
869 2545 1012 2592 medio
1033 2544 1219 2590 fratrum
1252 2543 1418 2589 tollitur
1439 2542 1568 2588 debet
1596 2541 1752 2602 negligi

429 2636 440 2659 ¹
466 2648 478 2668 1
501 2636 574 2667 Cor.
600 2645 646 2670 ιν,
670 2642 785 2664 21.—
801 2629 876 2661 21d.
897 2641 927 2668 V,
954 2640 984 2664 ι,
1001 2645 1046 2651 —-
1062 2625 1174 2661 31bid.
1199 2632 1263 2658 201
1284 2628 1334 2659 16.
