1894 3154
295 295 351 327 DE
387 291 606 326 BAPTISMO
643 292 817 325 CONTRA
851 293 1144 335 DONATISTAS,
1181 294 1270 326 LIB.
1309 295 1370 327 1v.
1445 280 1538 342 329

168 384 189 405 ))
215 379 354 408 mores
369 362 508 407 bonos
523 359 739 423 colloquia
751 358 864 405 mala
876 358 958 413 13»
976 369 1018 404 et
1036 369 1181 404 tamen
1198 376 1269 405 eos
1285 361 1401 406 intus
1412 360 1542 407 fuisse

170 432 445 492 significavit,
473 447 574 476 cum
595 431 678 476 ait:
713 450 733 471 <‹
760 429 995 486 Quomodo
1020 429 1174 475 dicunt
1195 429 1376 493 quidam
1389 431 1432 475 in
1457 447 1540 477 vo-

169 524 191 544 »
210 503 278 547 bis
318 500 420 565 quia
457 499 711 546 resurrectio
737 510 1011 545 mortuorum
1039 517 1128 545 non
1167 510 1228 546 est
1251 500 1298 545 2?
1323 521 1344 542 »
1379 501 1542 547 Avaros

171 582 315 618 autem
339 570 416 615 ubi
435 588 522 615 non
541 569 806 616 detestatur?
833 572 921 616 Aut
944 587 1045 616 vero
1064 570 1307 634 quidquam
1331 569 1420 616 dici
1454 587 1541 633 po—

169 642 256 687 tuit
278 641 599 697 vehementius,
636 658 766 705 quam
798 650 848 686 ut
881 640 1102 687 idolorum
1142 641 1324 688 servitus
1366 640 1546 687 avaritia

171 712 404 768 diceretur,
429 713 541 757 sicut
567 712 683 758 idem
704 711 936 775 Apostolus
959 712 1104 775 posuit
1122 711 1139 740 5
1159 730 1168 756 :
1197 729 1276 758 nec
1298 712 1546 775 Cyprianus

172 782 295 827 aliter
317 781 540 839 intellexit,
562 793 603 827 et
622 782 774 828 litteris
795 781 880 827 suis
905 782 983 827 ubi
1003 797 1113 845 opus
1129 792 1219 827 erat
1236 781 1443 835 inseruit;
1469 780 1546 844 qui

172 862 316 897 tamen
341 852 574 898 confitetur
612 852 698 898 suis
739 852 1009 915 temporibus
1034 853 1078 897 in
1100 851 1292 898 Ecclesia
1310 851 1438 897 fuisse
1458 868 1547 896 non

172 921 510 985 qualescumque
531 939 582 968 ax
586 938 697 978 aros,
723 922 796 967 sed
825 932 1021 985 raptores
1062 932 1103 966 et
1140 920 1441 977 foeneratores;
1468 937 1547 966 nec

173 991 391 1055 quoslibet
413 991 629 1047 homines,
663 991 736 1036 sed
761 993 1002 1054 episcopos.
1028 991 1290 1067 Ouanquam
1313 1001 1355 1036 et
1371 991 1474 1036 istos
1496 989 1549 1034 de

173 1061 334 1125 quibus
359 1061 419 1106 ait
437 1061 701 1124 Apostolus:
730 1082 750 1102 <c
777 1061 926 1106 Sermo
948 1077 1097 1107 eorum
1121 1060 1234 1106 sicut
1267 1077 1423 1106 cancer
1459 1077 1550 1106 ser-

174 1153 195 1173 »
217 1132 285 1194 pit
300 1131 344 1160 4·
336 1166 345 1176 .
366 1153 384 1173 »
400 1132 553 1177 xellem
570 1131 803 1191 intelligere
819 1132 922 1177 foris
938 1131 1085 1188 fuisse,
1102 1131 1176 1177 sed
1196 1131 1442 1194 Cyprianus
1458 1130 1552 1194 ipse

174 1220 243 1248 me
266 1219 354 1247 non
374 1202 488 1248 sinit.
522 1204 636 1248 Cum
653 1203 768 1248 enim
792 1202 846 1248 ad
873 1170 1168 1248 Antonianum
1192 1203 1384 1247 scribens
1403 1212 1550 1247 osten-

174 1273 294 1318 deret
314 1273 330 1301 5
356 1284 453 1318 ante
476 1283 649 1336 tempus
673 1273 840 1319 ultimae
859 1273 1139 1337 separationis
1164 1277 1383 1332 justorum
1404 1282 1446 1318 et
1471 1271 1551 1317 ini-

174 1359 361 1406 quorum
378 1342 498 1388 nullo
517 1342 648 1388 modo
662 1360 747 1388 esse
766 1354 947 1407 propter
967 1343 1315 1388 commixtionem
1336 1341 1553 1387 malorum

178 1413 233 1457 ab
265 1412 471 1458 Ecclesiae
498 1412 663 1458 unitate
698 1412 1008 1469 recedendum,
1039 1413 1117 1458 ubi
1140 1412 1331 1458 declarat
1349 1429 1481 1475 quam
1499 1411 1554 1456 sit

177 1494 367 1539 sanctUS,
385 1494 427 1529 et
467 1483 541 1528 illa
569 1500 700 1546 quam
725 1485 885 1529 meruit
908 1484 1105 1546 martyrii
1139 1483 1334 1529 claritate
1358 1481 1554 1542 dignissi-

177 1570 290 1609 mus,
311 1553 370 1599 ait
390 1571 401 1598 ι
430 1576 450 1595 α
472 1554 672 1611 Quantus
687 1554 944 1613 arrogantiae
963 1565 1108 1600 tumor
1121 1564 1201 1610 est,
1221 1564 1384 1617 quanta
1407 1552 1554 1598 humi-

178 1623 309 1668 litatis
330 1634 371 1669 et
394 1623 583 1669 lenitatis
610 1623 792 1679 oblivio,
816 1635 858 1668 et
887 1625 1144 1683 arrogantiae
1173 1640 1261 1668 suae
1281 1633 1444 1686 quanta
1457 1626 1555 1681 jac-

180 1693 304 1749 tatio,
327 1704 375 1739 ut
393 1693 488 1756 quis
510 1693 667 1739 audeat
688 1703 762 1739 aut
779 1692 916 1739 facere.
940 1710 981 1738 se
996 1710 1121 1756 posse
1145 1692 1311 1747 credat,
1335 1691 1457 1755 quod
1476 1708 1555 1736 nec

182 1763 400 1826 Apostolis
413 1763 621 1809 concessit
647 1763 879 1819 Dominus,
907 1774 955 1809 ut
972 1763 1134 1809 zizania
1153 1780 1176 1807 a
1199 1761 1417 1808 fruniento
1431 1771 1557 1825 putet

181 1849 223 1878 se
246 1849 369 1896 posse
385 1832 643 1889 discernere,
672 1843 746 1878 aut
769 1833 892 1896 quasi
922 1833 1007 1896 ipsi
1039 1831 1184 1896 palam
1207 1831 1316 1877 ferre
1335 1842 1376 1878 et
1416 1848 1556 1877 aream

181 1918 368 1966 purgare
380 1919 630 1949 concessum
653 1902 724 1959 sit,
761 1902 905 1966 paleas
922 1913 1103 1948 conetur
1116 1920 1140 1947 a
1158 1901 1301 1947 tritico
1322 1918 1516 1964 separare
1543 1919 1555 1944 ε

183 1989 373 2036 cumque
399 1973 631 2037 Apostolus
649 1973 766 2019 dicat
787 1991 798 2018 :
825 1994 846 2015 «
874 1975 927 2019 In
949 1973 1080 2020 domo
1107 1984 1249 2019 autem
1269 1989 1444 2032 magna,
1470 1988 1559 2017 non

191 2064 212 2085 ³>
232 2043 371 2089 solum
386 2055 488 2090 sunt
503 2061 603 2090 vasa
625 2060 752 2090 aurea
769 2054 811 2089 et
835 2055 1053 2104 argentea,
1071 2043 1144 2089 sed
1161 2054 1202 2088 et
1223 2043 1363 2102 lignea
1383 2052 1425 2088 et
1441 2041 1560 2087 fieti-

184 2135 206 2156 »
222 2114 281 2160 lia
292 2116 310 2144 6
326 2135 337 2168 ;
351 2136 371 2157 >>
392 2131 517 2160 aurea
532 2126 574 2160 et
587 2125 785 2175 argentea
802 2130 902 2160 vasa
914 2114 1113 2161 videatur
1125 2113 1293 2172 eligere,
1309 2112 1450 2172 lignea
1461 2128 1561 2158 vero

185 2185 337 2230 fictilia
359 2195 638 2230 contemnere
663 2195 705 2229 et
731 2184 917 2243 abjicere
951 2194 993 2229 et
1019 2183 1248 2237 damnare,
1271 2181 1449 2245 quando
1473 2198 1561 2226 non

186 2255 268 2299 nisi
299 2254 345 2299 in
383 2254 452 2299 die
482 2254 658 2299 Domini
693 2271 793 2300 vasa
823 2254 963 2314 lignea
995 2252 1133 2299 divini
1164 2251 1329 2296 ardoris
1359 2251 1561 2296 incendio

188 2335 535 2381 concrementur,
563 2335 604 2370 et
641 2323 791 2370 fictilia
823 2325 878 2370 ab
912 2341 960 2369 eo
981 2323 1053 2369 cui
1076 2323 1179 2368 data
1203 2332 1265 2367 est
1286 2321 1422 2367 ferrea
1443 2321 1563 2381 virga

187 2395 443 2455 frangantur
465 2395 513 2441 7?
538 2395 610 2441 Sic
633 2395 766 2455 igitur
791 2411 971 2454 arguens
998 2393 1245 2457 Cyprianus
1283 2409 1353 2437 eos
1371 2391 1447 2454 qui
1473 2402 1565 2437 tan-

190 2482 322 2530 quam
349 2465 564 2511 malorum
594 2465 857 2511 consortium
878 2464 1130 2520 devitantes,
1153 2479 1194 2508 se
1212 2463 1267 2508 ab
1293 2463 1455 2508 unitate
1472 2461 1564 2508 dis-

237 2562 248 2583 1
273 2574 285 2592 1
304 2565 379 2595 Cor.
411 2574 439 2601 1,
456 2564 510 2595 33.
537 2581 582 2587 —
607 2561 622 2584 2
641 2561 727 2595 Ibid.
750 2572 801 2593 12.
826 2580 869 2586 —
884 2560 897 2584 3
917 2561 1032 2606 Ephes.
1052 2573 1083 2604 v,
1105 2561 1138 2594 5.
1154 2556 1229 2590 —.-4
1244 2569 1261 2592 2
1277 2559 1361 2593 Tim.
1382 2570 1419 2599 11,
1445 2569 1560 2599 17.—

191 2611 205 2636 ⁵
223 2613 320 2657 Epist.
340 2616 396 2649 55.
416 2632 458 2639 —
475 2613 490 2636 6
506 2627 522 2647 2
537 2617 619 2648 Tim.
641 2623 677 2652 11,
692 2625 743 2646 20.
758 2632 801 2640 —-
821 2613 835 2637 ⁷
855 2615 938 2650 Psal.
962 2627 998 2655 11,
1015 2626 1047 2657 9.
