1894 3154
286 253 458 285 CONTRA
496 252 738 284 EPISTOLAM
774 250 1195 292 PARMENIAN1‚L113.
1237 251 1308 283 111.
1416 235 1510 282 215

141 320 195 365 ab
219 320 294 377 eis,
314 320 475 383 quibus
494 318 661 364 dictum
683 328 782 363 est:
810 317 967 363 «Beati
988 317 1181 381 pacifici,
1202 317 1413 393 quoniam
1430 316 1509 403 filii

141 411 162 431 »
187 391 266 436 Dei
290 390 567 436 vocabuntul
583 387 616 436 1.
636 392 660 430 ⁷»
1463 419 1466 424 ,

207 460 348 507 XVII.
376 459 489 505 Sed
473 476 564 518 Jam
583 469 738 504 caeteia
756 495 766 514 ‚
788 475 888 522 quae
906 456 1219 523 Parmenianus
1239 457 1413 521 posuit,
1435 466 1515 502 tes-

143 529 323 575 timonia
339 528 575 575 videamus.
601 529 721 573 Inter
739 529 884 574 omnia
900 565 911 585 ‚
936 529 1097 592 quibus
1114 526 1265 574 eorum
1280 526 1515 586 sacrilegus

143 609 288 644 tumor
308 609 517 661 apparet,
544 597 664 644 nullo
688 615 728 643 se
745 599 842 644 loeo
869 599 1001 658 magis
1019 597 1216 661 aperuit,
1244 614 1378 660 quam
1401 595 1450 642 in
1461 610 1513 641 eo

143 667 261 731 quod
285 685 410 713 ausus
434 678 494 713 est
525 668 654 714 etiam
685 667 796 713 illud
827 668 1023 714 Jeremiae
1053 667 1286 731 prophetae
1307 680 1480 730 ponere
1497 701 1509 721 ‚

144 737 258 783 unde
280 737 556 800 persuaderet
573 738 737 783 caeteris
754 738 1009 784 hominibus
1025 774 1035 793 ‚
1055 737 1406 784 communionem
1427 738 1515 780 Do-

143 809 538 863 natistarum‚110n
560 807 698 854 solum
726 809 961 854 Ecclesiam
987 825 1132 855 veram
1151 824 1267 863 esse,
1290 806 1364 852 sed
1383 806 1514 852 etiam

146 878 307 924 tz‘ilem
290 895 382 937 jani
407 878 492 923 hoc
511 889 736 941 tempore,
756 879 895 941 qualis
919 889 1018 942 post
1043 878 1242 924 ultimam
1264 875 1516 922 ventilatio-

143 965 241 993 nem
263 947 454 993 Ecclesia
479 959 626 993 sancta
650 947 795 993 futura
822 959 896 995 est.
921 948 1005 992 Cui
1029 947 1247 1007 sacrilegae
1265 961 1518 1009 praesump-

144 1018 280 1073 tioni,
314 1028 357 1063 et
381 1016 578 1063 nefandae
610 1018 785 1064 elationi
817 1018 925 1081 quid
956 1017 1060 1063 addi
1090 1017 1225 1081 possit
1253 1017 1420 1076 ignoro.
1461 1015 1517 1060 Et

143 1055 290 1132 multi’s
308 1087 485 1151 quidem
509 1086 614 1133 locis
634 1104 879 1133 sermonum
900 1105 1074 1134 suorum
1096 1086 1210 1133 nihil
1240 1085 1359 1133 aliud
1386 1101 1519 1148 quam

144 1173 404 1220 praesumere
423 1156 748 1217 intelliguntur3
775 1157 848 1202 sed
870 1156 1103 1221 aliquando
1130 1166 1277 1202 tamen
1301 1171 1518 1201 verecun-

145 1227 305 1272 dantur
319 1263 330 1283 ,
358 1243 460 1272 cum
478 1243 547 1272 eos
565 1227 719 1272 veritas
736 1244 885 1287 urgere
904 1227 1089 1290 coeperit
1106 1263 1117 1282 ,
1140 1224 1318 1289 quando
1336 1224 1518 1269 interro·

145 1308 324 1357 gantur,
365 1307 513 1342 utrum
543 1314 631 1342 non
661 1297 857 1343 habeant
875 1335 886 1353 ‚
916 1297 984 1343 vel
1018 1307 1167 1342 utrum
1203 1312 1290 1341 non
1317 1294 1402 1340 sint
1432 1293 1517 1357 ipsi

144 1378 393 1430 peccatores
427 1386 437 1410 =
472 1377 769 1413 verumtamen
794 1368 841 1412 in
865 1367 952 1413 hoc
983 1365 1251 1429 Prophetico
1274 1363 1518 1410 testimonio

144 1437 324 1500 impiam
341 1437 575 1482 vanitatem
596 1447 638 1482 et
658 1453 778 1482 suam
798 1438 976 1482 nimiam
995 1435 1315 1500 perversitatem
1341 1433 1519 1497 apertis-

145 1507 250 1552 sime
273 1507 573 1570 prodiderunt.
605 1507 719 1552 Cum
745 1508 859 1553 enim
879 1507 1082 1553 Jeremias
1101 1517 1275 1552 sanctus
1299 1504 1429 1552 vellet
1444 1520 1518 1550 os·-

147 1576 320 1621 tendere
339 1577 466 1621 bonis
486 1586 528 1621 et
554 1576 676 1621 malis
691 1613 702 1631 ‚
721 1577 848 1621 etiam
869 1577 904 1621 si
924 1576 976 1622 ad
1004 1586 1175 1638 tempus
1199 1575 1253 1620 sit
1280 1590 1520 1634 congrega-

147 1646 276 1691 tionis
306 1663 390 1691 una
415 1647 593 1691 societas
612 1684 623 1702 ,
654 1647 779 1706 longe
803 1657 946 1692 tamen
975 1646 1166 1708 disparia
1189 1662 1276 1691 esse
1299 1647 1521 1691 momenta

150 1732 317 1761 morum
336 1716 553 1778 finemque
581 1716 833 1761 meritorum
860 1733 870 1760 z
905 1737 926 1757 «
947 1715 1066 1772 Quid
1087 1714 1220 1779 paleis
1235 1751 1246 1770 ,
1267 1714 1412 1777 inquit
1430 1749 1442 1769 ,
1465 1711 1521 1758 ad

151 1808 171 1828 ›>
193 1787 446 1832 triticum2‘9
467 1809 485 1828 »
501 1787 811 1832 Parmenianus
831 1797 974 1832 autem
994 1803 1096 1832 cum
1112 1785 1239 1831 vellet
1252 1784 1522 1830 Tichonium

150 1855 337 1902 refellere
360 1856 574 1902 dicentem
592 1894 603 1912 ‚
633 1857 768 1902 malos
786 1875 809 1902 a
827 1857 954 1902 bonis
984 1856 1030 1901 in
1055 1855 1219 1901 unitate
1244 1855 1417 1901 interim
1439 1869 1522 1917 pro

151 1944 258 1990 pace
275 1927 519 1973 tolerandos
537 1965 548 1983 ‚
578 1938 619 1973 et
633 1928 677 1973 in
693 1928 778 1972 fine
795 1927 936 1972 ultimi
956 1926 1113 1986 judicii
1131 1925 1422 1990 separandos,
1444 1941 1524 1987 po-

152 1998 238 2043 suit
260 1997 346 2042 hoc
365 1998 565 2043 Jeremiae
591 1997 887 2043 testimonium
903 2034 914 2053 ‚
943 2014 1030 2059 quo
1047 2013 1274 2060 perversus
1297 2006 1425 2059 atque
1452 2011 1524 2039 er·-

152 2085 250 2113 rans
268 2084 489 2130 perversos
506 2079 548 2113 et
564 2078 752 2113 errantes
777 2067 829 2113 ad
848 2067 1242 2113 turbulentissimas
1272 2076 1315 2111 et
1340 2065 1525 2110 scelera-

154 2139 335 2183 tissimas
357 2138 585 2184 seditiones
609 2139 849 2184 inflammet
868 2158 879 2191 ;
915 2148 964 2184 ut
986 2137 1183 2201 quisquis
1204 2136 1354 2182 inflata
1383 2144 1528 2180 mente

155 2208 296 2253 carnis
317 2224 407 2253 suae
431 2208 605 2254 videtur
624 2208 708 2253 sibi
728 2207 894 2271 aliquid
924 2224 1010 2254 esse
1026 2243 1037 2263 ‚
1065 2223 1168 2251 cum
1190 2205 1304 2251 nihil
1336 2204 1422 2250 sit-⁹2
1439 2236 1451 2256 2
1485 2220 1528 2249 se

157 2295 207 2323 ac
243 2277 398 2323 similes
430 2279 495 2324 sui
528 2289 733 2342 tanquam
766 2296 898 2338 grana
934 2277 1236 2340 purgatissima
1259 2275 1527 2329 existimans,

158 2347 211 2392 ad
243 2347 446 2393 Ecclesiae
469 2349 843 2408 congregationem
859 2384 871 2403 ‚
898 2348 941 2393 in
962 2363 1047 2409 qua
1067 2362 1235 2391 necesse
1253 2355 1316 2391 est
1339 2355 1389 2390 ut
1404 2344 1435 2389 ii
1452 2344 1531 2407 qui

159 2416 212 2461 ad
238 2417 368 2461 vitam
395 2427 596 2462 aeternam
620 2418 864 2480 pertinent,
891 2433 959 2461 eos
983 2416 1058 2478 qui
1084 2415 1137 2461 ad
1156 2415 1296 2474 ignem
1317 2423 1528 2459 aeternum

159 2486 398 2547 pertinent,
420 2504 552 2549 usque
575 2487 624 2532 ad
646 2497 813 2531 certum
838 2487 968 2530 finem
996 2496 1204 2549 tanquam
1220 2484 1437 2530 frumenta
1458 2499 1536 2545 pa-

209 2567 356 2600 ¹1'vianh.
379 2579 405 2604 v,
425 2580 457 2608 9.
472 2587 510 2592 --
533 2567 680 2601 ²Jerem.
702 2579 801 2609 xxm,
826 2569 882 2601 28.
900 2586 937 2594 -
958 2564 1154 2605 3Galat.v1,
1171 2569 1203 2600 3.
