1894 3154
328 250 499 281 CONTRA
538 248 779 279 EPlsToLAM
816 247 1110 288 PAffiHENIANl,
1153 247 1237 278 Lm,
1284 249 1350 278 111.
1459 234 1542 279 231

181 316 426 372 damnatos,
459 316 672 368 dicentes3
696 315 814 372 Euge
834 350 845 369 ‚
879 329 982 372 euge
1004 330 1013 357 :
1034 323 1075 357 et
1108 316 1301 372 jurantes
1324 331 1402 377 per
1422 331 1553 360 canos

181 404 347 444 eorum,
370 387 444 450 qui
460 396 593 448 caput
607 401 757 430 sanum
776 401 863 428 non
887 384 1156 438 habueruut,
1175 394 1216 428 et
1227 399 1305 446 per
1323 401 1554 447 compages

180 474 327 502 eorum
352 457 429 519 qui
446 456 562 502 viam
582 454 702 517 pacis
722 469 811 498 non
826 463 1106 513 agnoverunt.
1128 452 1289 509 Quales
1308 453 1458 499 turbas
1485 454 1556 500 isti

181 537 415 573 avertentes
444 544 467 571 a
488 525 653 571 Christi
681 524 862 580 unitate,
899 533 941 569 et
964 522 1018 568 ad
1036 539 1162 569 suum
1186 539 1344 569 nomen
1369 540 1556 570 conver-

179 608 265 643 tere
285 598 509 661 cupientes
526 634 537 654 ,
579 595 754 642 interim
789 594 1045 657 temporalia
1069 593 1287 658 supplicia
1308 593 1554 640 schismatis

177 667 242 713 sui
262 667 456 713 conferre
478 666 641 711 audent
667 664 942 729 passionibus
966 665 1228 727 Martyrum,
1257 673 1306 709 ut
1321 663 1379 710 eis
1392 680 1555 727 poena—

177 754 274 783 rum
296 754 472 784 suarum
492 736 686 783 natalitia
706 735 984 781 celebrentur
998 751 1155 794 magno
1173 744 1392 786 conventu
1411 733 1554 780 homi-

175 824 281 853 num
314 806 577 853 furiosorum
596 824 606 851 ε
633 821 823 869 quorum
846 822 868 850 e
887 818 1069 850 numero
1091 803 1155 850 illi
1177 813 1295 860 sunt,
1328 803 1405 867 qui
1421 803 1552 849 etiam

174 878 295 924 nullo
319 888 620 942 persequente,
648 894 690 922 se
713 877 830 939 ipsos
859 874 974 921 ultro
1010 892 1089 938 per
1123 875 1339 920 montium
1364 874 1555 937 abrupta

174 948 475 1012 praecipitant,
503 958 552 993 ut
575 946 735 992 malam
754 947 889 991 vitam
908 949 1052 1008 peJ'ore
1071 954 1209 990 morte
1231 955 1548 991 consumment.

176 1019 275 1063 Non
297 1017 480 1064 eruntin
498 1016 567 1063 die
580 1016 655 1062 illa
672 1014 816 1061 stultae
831 1015 980 1078 plebes
1000 1014 1162 1077 quibus
1174 1013 1352 1059 dicant:
1378 1014 1468 1060 Nos
1486 1030 1556 1060 su-

173 1104 270 1133 mus
287 1087 395 1147 justi
423 1087 500 1151 qui
529 1086 725 1150 patimur
762 1085 1132 1148 persecutionem,
1159 1094 1200 1129 et
1232 1083 1396 1147 quibus
1424 1083 1553 1129 caecis

173 1157 386 1204 vendatur
402 1157 616 1220 reprobus
629 1156 739 1219 lapis
762 1172 842 1219 pro
865 1172 1034 1215 gemma
1057 1153 1265 1217 pretiosa,
1285 1153 1332 1199 id
1352 1163 1432 1209 est,
1451 1170 1552 1200 car-

172 1226 278 1271 nalis
292 1226 455 1272 duritia
469 1243 551 1289 pro
566 1226 750 1289 spiritali
767 1225 990 1289 patientia.
1020 1224 1120 1269 Non
1132 1233 1260 1269 erunt
1275 1223 1353 1286 qui
1372 1224 1549 1270 nomina

172 1295 426 1359 principum
460 1295 622 1340 furoris
655 1295 722 1340 sui
757 1295 938 1340 recitent
969 1292 1024 1339 ad
1056 1292 1233 1349 altaria,
1253 1291 1330 1339 ,vel
1361 1309 1463 1356 quae
1495 1293 1550 1338 ab

171 1365 336 1411 unitate
369 1366 533 1411 Christi
553 1365 817 1421 diviserunt,
844 1364 911 1411 vel
937 1380 1038 1428 quae
1059 1363 1143 1409 sub
1175 1363 1352 1409 nomine
1381 1363 1547 1409 Christi

169 1446 321 1481 contra
340 1447 573 1482 erexerunt.
599 1435 707 1481 Haec
731 1435 845 1480 enim
864 1445 965 1480 sunt
997 1433 1152 1497 pretia,
1182 1449 1282 1496 quae
1305 1433 1377 1479 isti
1400 1444 1448 1479 ut
1471 1450 1548 1479 ac-

169 1505 353 1568 cipiant,
379 1505 485 1551 dum
515 1505 670 1551 volunt
689 1505 852 1550 habere
874 1503 995 1568 quod
1010 1503 1224 1560 vendant,
1255 1504 1441 1550 excitant
1467 1504 1548 1551 ad-

169 1592 339 1620 versum
359 1593 400 1621 se
419 1586 680 1638 potestatum
702 1575 987 1630 severitatem,
1014 1590 1094 1637 per
1112 1571 1349 1620 animosam
1367 1591 1550 1637 perver-

168 1647 353 1700 sitatem,
378 1663 430 1691 ne
454 1646 515 1691 illi
544 1647 619 1709 qui
651 1646 708 1691 ab
734 1645 792 1690 eis
816 1644 1110 1700 seducuntur,
1143 1655 1185 1689 et
1220 1661 1290 1690 eos
1318 1655 1546 1708 propterea

163 1720 300 1775 Justos
323 1727 498 1779 putant,
527 1716 627 1779 quia
646 1732 801 1778 poenas
841 1713 1087 1777 iniquitatis
1120 1713 1341 1770 exolvunt,
1373 1714 1551 1760 redeant

168 1786 223 1831 ad
237 1803 330 1842 cor,
346 1797 386 1831 et
402 1786 673 1831 considerent
691 1801 824 1847 quare
838 1786 1063 1848 patiantur
1076 1800 1176 1847 quae
1196 1801 1238 1829 se
1257 1783 1349 1847 pati
1361 1784 1547 1844 gloriana

170 1866 253 1903 tur.
302 1857 526 1912 Quantum
546 1856 660 1901 enim
682 1865 788 1911 erat,
816 1866 863 1900 ut
885 1854 1117 1918 paululum
1146 1853 1417 1901 adverterent
1444 1855 1545 1903 talia

166 1926 308 1971 dicere
334 1926 671 1971 Parmenianum
700 1925 920 1971 'lichonio
956 1925 1010 1970 de
1042 1924 1308 1988 perferendis
1340 1943 1544 1989 persecu-

165 1997 357 2042 tionibus
374 2008 416 2043 et
435 1996 569 2057 gloria
595 1996 851 2052 tolerantiae‚
880 1996 1028 2059 qualia
1051 1995 1208 2041 dicunt
1230 2013 1377 2043 omnes
1399 1997 1545 2043 haere-

165 2067 258 2123 tici,
289 2067 523 2131 dequibus
546 2066 799 2112 coercendis
833 2066 902 2111 vel
924 2064 1161 2128 puniendis
1200 2065 1356 2112 similia
1391 2083 1543 2127 regum

158 2142 276 2198 jussa
306 2136 618 2200 proferuntur;
646 2137 791 2200 qualia
813 2147 926 2183 certe
950 2135 1298 2181 Membresitanis
1315 2136 1402 2182 suis
1433 2136 1543 2184 dicit

163 2208 292 2252 etiam
313 2207 503 2263 Salvius,
532 2207 605 2252 cui
638 2217 778 2252 tantas
799 2207 1068 2253 Abitinenses
1083 2204 1231 2267 plagas
1247 2215 1290 2251 et
1311 2216 1542 2254 contume-

163 2278 239 2322 lias
274 2277 542 2333 intulerunt,
583 2294 661 2340 per
689 2294 797 2340 quos
825 2277 896 2322 isti
923 2285 1167 2321 meruerant
1188 2285 1236 2320 ut
1261 2274 1316 2320 de
1344 2277 1539 2324 Ecclesia

161 2347 409 2410 pelleretur,
437 2358 485 2393 ut
499 2350 589 2406 ejus
613 2348 771 2393 cervici
789 2348 916 2393 etiam
936 2356 1209 2391 mortuorum
1231 2362 1390 2391 canum
1411 2348 1538 2394 cada-

163 2434 262 2462 vera
295 2417 570 2477 colligarent,
609 2428 658 2462 ut
685 2428 905 2480 postremo
933 2433 1032 2461 cum
1057 2415 1132 2460 illo
1157 2415 1211 2461 ad
1241 2426 1389 2479 turpes
1411 2434 1538 2465 voces

163 2487 512 2550 cantationesque
535 2487 750 2533 saltarent.
790 2488 932 2543 Quem
960 2503 1223 2542 sermonem,
1253 2496 1534 2550 posteaquam

165 2565 279 2602 tanta
293 2573 516 2620 perpessus
529 2567 606 2614 est,
625 2574 722 2604 eum
738 2568 944 2619 putamus
967 2556 1283 2604 habuissecum
1302 2557 1405 2613 suis,
1425 2574 1533 2622 quos
