1894 3154
385 236 558 269 coNTaA
591 236 836 268 EmsToLAM
873 236 1172 279 PARMENJANI,
1211 240 1299 269 mn.
1337 242 1386 272 11.
1501 229 1586 274 163

222 303 330 350 tavit
353 303 583 348 Jeremias:
612 301 745 360 «Non
763 300 942 358 habere,
969 302 1198 366 inquiunt,
1237 321 1386 351 verum
1412 307 1585 369 baptis-

223 389 342 418 mum
368 389 438 417 eos
458 372 534 435 qui
560 370 813 433 relinquunt
835 372 991 418 Deum.
1022 372 1094 417 Ait
1116 373 1229 418 enim
1255 391 1265 417 :
1293 395 1313 415 ε(
1335 377 1588 438 Expectavit

222 463 243 484 ))
269 442 431 488 coelum
457 459 585 505 super
610 441 745 497 istud,
777 452 819 486 et
851 442 1072 505 inhorruit
1104 443 1242 488 multo
1266 445 1559 491 vehementius
1575 485 1585 502 ‚

221 510 247 553 »⁷
271 511 379 558 dicit
394 513 606 557 Dominus
630 510 648 540 4
678 529 688 555 :
722 511 927 574 quoniam
952 511 1041 557 duo
1074 529 1259 576 nequam
1283 513 1385 559 fecit
1401 515 1592 578 populus

219 604 241 624 υ
259 583 358 635 iste3
381 600 448 627 me
461 581 781 645 dereliquerunt
798 580 962 627 fontem
984 599 1109 645 aquae
1143 583 1273 640 vivae,
1294 585 1589 631 eteffoderunt

223 674 243 694 »
267 653 351 699 sibi
372 653 492 699 lacus
510 653 687 698 detritos
709 654 786 716 qui
804 670 891 699 non
908 665 1086 716 possunt
1112 671 1266 717 aquam
1280 667 1465 719 portare.
1496 679 1516 699 >2
1537 659 1593 702 Et

220 723 399 768 iterum:
417 744 436 764 α
457 725 586 768 Facta
604 734 664 768 est
680 723 697 751 2
718 723 827 768 mihi
846 724 956 769 sicut
978 741 1086 787 aqua
1101 724 1299 781 mendax,
1319 726 1476 792 inquit,
1501 745 1589 773 non

221 813 241 833 ›>
266 792 433 838 habens
451 793 582 838 fidem
603 792 635 839 ³.
658 814 678 834 »
713 793 768 838 Et
784 793 894 839 illud
931 794 1051 856 quod
1088 795 1301 858 scriptum
1341 807 1402 841 est
1431 814 1478 841 ια
1503 797 1591 854 Qui

219 883 240 903 »
264 862 512 926 baptizatur
534 882 556 908 a
573 863 795 921 mortuo‘*‚
814 863 921 926 quid
932 865 1108 927 proficit
1130 865 1289 911 lavatio
1314 869 1406 925 ejus
1426 866 1475 912 59
1500 888 1519 907 »
1539 868 1592 913 Et

217 929 327 976 illud
350 932 395 977 in
422 932 594 977 Psalmo
620 950 630 976 ε
651 953 670 973 «
696 932 854 977 Oleum
884 944 1025 978 autem
1047 935 1285 996 peccatoris
1305 952 1393 980 non
1426 935 1588 998 impin-

217 1021 237 1042 »
264 1012 363 1060 guet
383 1012 515 1065 caput
528 1019 672 1047 meum
694 1002 727 1048 ⁶.
748 1023 769 1043 »
791 1003 845 1047 Et
870 1003 1024 1048 iterum
1059 1003 1190 1048 alibi:
1212 1026 1231 1045 «
1260 1006 1422 1050 Muscae
1453 1007 1590 1050 mori—

216 1091 237 1111 »
258 1081 369 1116 turae
382 1071 665 1117 exterminant
684 1070 826 1116 oleum
851 1072 1072 1117 suavitatis
1089 1072 1108 1100 ⁷
1130 1090 1140 1117 ε
1167 1094 1186 1114 >>
1208 1074 1264 1118 Et
1287 1073 1391 1119 alibi
1417 1092 1426 1118 ε
1450 1096 1468 1115 «
1491 1075 1589 1137 Spi-

215 1162 235 1181 »
260 1141 368 1186 ritus
381 1141 495 1186 enim
514 1151 685 1186 sanctus
707 1140 954 1204 disciplinae
980 1142 1153 1202 effugiet
1169 1143 1343 1198 fictum,
1368 1154 1409 1189 et
1433 1144 1592 1190 auferet

215 1233 234 1252 »
259 1228 301 1255 se
338 1229 361 1256 a
395 1211 735 1271 cogitationibus
773 1228 872 1274 quae
903 1223 1003 1257 sunt
1037 1213 1126 1257 sine
1148 1212 1369 1259 intellectu
1386 1213 1419 1260 8.
1444 1236 1462 1255 ›>
1481 1215 1588 1259 Haec

213 1282 357 1326 omnia
381 1281 413 1326 si
431 1299 479 1327 eo
503 1280 632 1326 modo
656 1280 934 1341 intelligenda
958 1293 1074 1337 sunt,
1101 1299 1188 1345 quo
1216 1284 1271 1328 ab
1292 1284 1381 1329 istis
1422 1284 1587 1329 intelli-

212 1361 389 1409 guntur,
407 1368 486 1396 nec
505 1351 631 1395 nobis
655 1368 733 1396 nec
755 1351 859 1413 ipsis
880 1352 1152 1415 conquadrat
1167 1353 1280 1404 ratio
1304 1353 1509 1401 veritatis.
1543 1355 1589 1400 Si

211 1431 352 1465 autem
374 1420 454 1465 alio
478 1420 608 1465 modo
628 1420 816 1466 docuero
836 1421 1134 1481 intelligenda,
1162 1423 1224 1468 illi
1244 1423 1323 1468 soli
1343 1441 1416 1468 sua
1436 1425 1589 1487 pravi-

210 1500 295 1535 tate
327 1491 569 1536 turbantur.
610 1490 694 1535 Sed
719 1501 765 1536 ut
805 1508 893 1536 non
932 1492 1182 1544 turbentur.
1227 1493 1279 1538 ad
1319 1493 1586 1540 catholicum

206 1559 420 1619 refugiant
436 1560 699 1607 intellectum
722 1578 734 1606 t
756 1562 858 1624 quia
877 1579 964 1607 non
979 1563 1208 1608 inveniunt
1230 1564 1387 1609 exitum
1405 1582 1587 1627 respon-

207 1630 353 1685 sionis,
376 1630 481 1675 dum
504 1630 757 1676 irretiuntur
779 1631 958 1676 crimine
984 1631 1242 1677 schismatis.
1272 1633 1447 1678 Habent
1472 1635 1585 1680 enim

207 1711 318 1746 certe
337 1700 466 1746 etiam
483 1701 583 1764 ipsi,
607 1702 737 1763 (Non
762 1699 904 1747 dicam
927 1701 1027 1748 tales
1043 1703 1189 1764 sunt),
1216 1702 1289 1748 sed
1306 1703 1392 1749 hoc
1412 1703 1577 1758 dicam,

204 1772 323 1836 quod
347 1772 415 1818 vel
444 1771 636 1817 fatentur
652 1809 663 1827 ,
692 1772 758 1818 vel
782 1773 1048 1818 insanissime
1082 1785 1269 1833 negant3
1291 1772 1458 1820 habent
1479 1792 1580 1834 ergo

204 1842 330 1886 etiam
354 1841 438 1904 ipsi
456 1841 798 1905 derelinquentes
829 1843 988 1899 Deum,
1010 1843 1086 1906 qui
1110 1854 1170 1889 est
1185 1843 1280 1889 fons
1303 1862 1428 1908 aquae
1447 1845 1575 1901 vivae,

204 1911 290 1957 hoc
307 1921 387 1968 est,
425 1911 573 1974 inique
606 1912 809 1959 viventes.
845 1913 992 1977 Neque
1012 1913 1126 1958 enim
1150 1914 1337 1977 pedibus
1358 1951 1370 1970 ‚
1407 1931 1456 1960 ac
1488 1932 1577 1960 non

248 2044 258 2066 ¹
278 2045 399 2076 Jcrem,
415 2054 451 2078 11,
473 2053 581 2074 12.--
597 2041 613 2063 ²
631 2043 692 2074 Hic
712 2043 744 2075 in
764 2043 887 2075 excusis
902 2044 1145 2086 additur,plebs
1160 2057 1244 2078 mea,
1264 2045 1362 2076 Abest
1378 2057 1392 2074 a
1407 2047 1497 2078 MSS.
1516 2057 1574 2077 nec

200 2097 283 2138 apud
302 2095 473 2128 Jeremiam
492 2106 529 2125 eo
545 2095 607 2126 loci
624 2097 794 2138 reperitur,
822 2108 880 2128 nec
895 2108 912 2128 a
938 2097 1149 2129 Parmeniano
1169 2097 1311 2129 additum
1329 2097 1443 2137 fuerat,
1464 2104 1494 2127 nt
1517 2110 1574 2140 pa-

200 2155 244 2180 tet
262 2160 301 2180 ex
323 2146 490 2189 Augustini
511 2148 715 2189 responsione
743 2149 824 2181 infra
852 2161 884 2182 n.
917 2161 972 2183 22.
993 2167 1038 2173 —
1057 2147 1071 2171 3
1089 2152 1210 2181 Jerem.
1227 2160 1279 2187 xv,
1303 2151 1354 2181 18.
1373 2167 1418 2173 —
1435 2147 1448 2171 ⁴
1466 2151 1571 2182 Editio

198 2205 270 2234 Am.
289 2201 383 2232 verba
401 2200 462 2231 hoc
477 2199 547 2230 loeo
564 2200 770 2232 Evclesiastici
790 2202 900 2233 omiesa
919 2201 1111 2241 restituerat,
1129 2202 1259 2239 scilicet,
1285 2211 1317 2232 ec
1339 2203 1452 2232 iterum
1467 2204 1575 2245 tangit

198 2266 279 2285 eum.
303 2253 364 2285 Sed
383 2252 421 2283 iis
444 2257 553 2283 carent
569 2263 678 2284 omnes
695 2254 784 2286 MSS.
806 2261 835 2285 et
866 2265 900 2286 ea
917 2265 1097 2297 quanquam
1115 2254 1154 2286 ad
1171 2265 1236 2286 rem
1265 2261 1374 2286 contra
1391 2256 1570 2288 Donatistas

196 2306 372 2338 necessiria
389 2304 553 2347 praeterire
576 2306 657 2336 solet
676 2307 882 2348 Augustinus.
908 2308 983 2350 quia
1011 2314 1042 2339 et
1068 2315 1236 2350 antequam
1256 2315 1333 2339 esset
1349 2319 1421 2351 pars
1434 2309 1568 2344 Donati,

196 2360 242 2390 uti
261 2359 406 2390 observat
419 2356 452 2388 in
467 2356 525 2389 lib.
550 2368 578 2388 1.
590 2360 732 2390 Retract.
750 2369 817 2402 cap.
840 2371 894 2393 21.
913 2371 944 2391 n.
966 2362 999 2392 3.
1019 2360 1086 2402 ipsa
1101 2371 1164 2390 non
1179 2360 1318 2392 habebat
1331 2360 1567 2393 Ecclesiasticus

195 2412 228 2443 in
245 2410 388 2454 plurimis
406 2408 567 2441 codicibus
581 2409 748 2442 Africanis.
774 2412 904 2443 Omittit
921 2413 973 2443 illa
997 2412 1116 2454 pariter
1129 2413 1306 2456 Cyprianus
1326 2414 1356 2455 in
1374 2414 1510 2456 Epistola
1528 2413 1568 2446 ad

194 2464 363 2505 Quintum,
379 2468 409 2493 et
430 2460 677 2503 Carthaginenses
699 2463 867 2495 concilium
889 2476 925 2495 eo
945 2463 1132 2507 praesidente
1149 2465 1412 2503 cele};1·atum.—-
1427 2464 1440 2487 5
1465 2466 1565 2497 Eecli.

193 2527 302 2556 xxxxv,
315 2521 347 2552 4.
366 2532 411 2538 -
425 2510 440 2534 ⁶
456 2514 535 2546 Psal.
553 2525 626 2557 cxn,
645 2515 679 2548 5.
700 2514 773 2539 -7
788 2516 891 2549 Eccle.
913 2527 942 2555 x,
963 2528 989 2549 1.
1003 2535 1047 2539 —
1062 2513 1076 2538 ⁸
1090 2518 1162 2560 Sap.
1189 2528 1215 2556 ι,
1233 2519 1261 2550 5.

1358 2597 1425 2627 ll.
