1894 3154
320 248 413 294 320
744 260 779 292 s.
821 258 1064 291 Aususrml
1102 257 1307 290 EPIscoPI

321 327 440 374 omni
477 325 635 384 modo,
677 325 764 372 sive
796 342 876 389 per
908 325 1206 382 occasionem,
1245 324 1331 370 sive
1364 340 1443 388 per
1470 324 1692 371 veritatem

319 399 521 447 Christus
547 397 852 445 31111111111611111
875 415 886 443 :
915 419 935 439 υ
961 408 1074 443 recte
1094 397 1341 461 Cyprianus
1358 396 1528 452 refellit,
1545 407 1691 442 osten-

315 470 419 516 dens
442 469 496 516 ad
514 486 689 515 causam
708 468 1018 514 haereticorum
1034 485 1122 513 non
1140 468 1355 530 pertinere
1378 485 1388 512 ε
1411 467 1617 531 quoniam
1638 466 1691 512 de

313 541 382 587 his
400 541 575 587 dicebat
600 539 860 602 Apostolus,
898 539 973 602 qui
1012 556 1113 584 cum
1151 539 1362 584 malevola
1394 538 1585 594 invidia,
1615 555 1691 583 sua

313 621 552 674 quaerentes
586 609 764 655 interius
788 610 1078 654 versabantur
1102 626 1112 652 :
1142 608 1369 653 Christum
1406 608 1582 670 quidem
1611 625 1690 652 an-

314 681 605 735 nuntiabant,
626 679 738 725 sicut
757 695 798 724 se
817 678 952 723 habet
971 679 1127 724 veritas
1148 695 1234 741 qua
1256 678 1432 722 Christo
1451 677 1686 734 credimus,

314 750 388 797 sed
404 768 492 796 non
507 768 556 796 60
575 750 720 797 animo
741 765 828 813 quo
848 766 871 793 a
889 749 1016 794 bonis
1036 748 1319 807 Evangelistis
1336 747 1451 792 illius
1471 748 1690 793 columbae

315 821 414 867 filiis
438 821 779 868 annuntiabatur
801 838 811 864 ε
841 841 860 861 α
879 821 1028 883 Neque
1044 819 1158 864 enim
1176 818 1229 864 de
1248 819 1463 864 haercticis
1478 855 1489 875 ,
1516 818 1686 881 inquit,

313 904 388 938 aut
406 893 459 938 de
474 909 625 938 eorum
638 892 856 955 baptismo
872 890 1134 957 loquebatur
1147 890 1190 936 in
1209 889 1403 952 Epistola
1419 906 1493 934 sua
1509 888 1685 945 Paulus,

313 974 362 1009 ut
386 963 551 1026 aliquid
575 961 694 1026 quod
719 961 773 1008 ad
794 961 910 1007 hanc
935 978 1024 1006 rem
1050 961 1266 1024 pertineat
1283 958 1473 1022 posuisse
1490 958 1689 1004 ostenda-

317 1045 398 1080 tur.
423 1033 706 1096 Loquebatur
723 1031 775 1076 de
795 1031 1005 1077 fratribus
1021 1031 1107 1075 sive
1125 1029 1370 1075 inordinate
1393 1039 1434 1074 ct
1452 1040 1601 1075 contra
1621 1046 1684 1073 66«

313 1104 596 1149 clesiasticam
614 1102 891 1165 disciplinam
912 1101 1240 1147 ambulantibus
1254 1137 1266 1156 ,
1291 1101 1379 1145 51116
1396 1100 1688 1159 evangelicam

312 1173 539 1218 veritatem
565 1172 618 1218 de
642 1172 724 1218 Dei
751 1172 904 1218 timore
929 1171 1213 1217 servantibus.
1244 1171 1300 1215 Et
1322 1169 1531 1234 quosdam
1557 1187 1605 1214 ex
1630 1170 1687 1214 eis

313 1244 459 1307 posuit
487 1243 670 1289 verbum
702 1242 781 1287 Dei
811 1252 1056 1287 constanter
1089 1254 1216 1304 atque
1242 1240 1457 1303 intrepide
1487 1240 1681 1296 locutos,

311 1313 523 1377 quosdam
540 1330 641 1360 vero
659 1312 704 1358 in
723 1312 887 1358 invidia
905 1322 946 1357 et
965 1311 1224 1357 dissensione
1243 1322 1455 1364 versatos3
1473 1310 1687 1374 quosdam

310 1399 493 1428 servasse
520 1383 636 1427 circa
657 1398 700 1427 se
722 1381 977 1427 benevolam
1008 1381 1291 1437 charitatem,
1325 1381 1429 1426 alios
1464 1397 1566 1426 vero
1598 1380 1686 1425 ha·-

307 1454 452 1499 buisse
468 1452 725 1499 malevolam
750 1451 1052 1497 dissensionem
1078 1470 1088 1496 ε
1113 1451 1185 1497 sed
1204 1463 1348 1497 tamen
1372 1450 1517 1496 onmia
1535 1467 1577 1496 se
1600 1468 1685 1514 pa—

308 1524 461 1569 tienter
481 1523 709 1579 sustinere,
737 1522 976 1568 dummodo
1004 1523 1091 1568 sive
1113 1524 1158 1568 in
1182 1522 1358 1569 veritate
1376 1559 1387 1578 ,
1415 1521 1500 1567 sive
1520 1539 1598 1584 per
1615 1538 1686 1566 oc-

309 1594 525 1640 casionem
550 1610 709 1639 nomen
740 1593 929 1649 Christi,
957 1592 1077 1656 quod
1107 1592 1269 1638 Paulus
1299 1591 1598 1655 praedicabat,
1630 1590 1685 1637 ad

306 1665 603 1728 plurimorum
623 1664 822 1710 notitiam
842 1664 1110 1727 perveniret,
1133 1674 1174 1709 et
1192 1680 1304 1709 nova
1327 1663 1473 1709 adhuc
1491 1680 1539 1708 ac
1564 1662 1685 1708 rudis

305 1735 513 1780 sermonis
529 1734 751 1780 seminatio
767 1734 1038 1797 loquentium
1052 1734 1363 1798 praedicatione
1377 1735 1677 1783 crebresceret.

305 1806 442 1851 Porro
474 1805 592 1851 aliud
619 1817 680 1851 est
702 1823 772 1850 eos
795 1805 871 1869 qui
891 1805 1008 1851 intus
1025 1806 1070 1851 in
1094 1805 1285 1851 Ecclesia
1301 1816 1427 1862 sunt,
1448 1806 1492 1851 111
1508 1806 1683 1852 nomine

306 1875 471 1921 Christi
492 1875 614 1937 loqui
636 1893 646 1919 ε
671 1875 789 1920 aliud
808 1892 877 1920 eos
900 1876 976 1938 qui
1004 1876 1105 1921 foris
1130 1887 1230 1922 sunt
1247 1913 1258 1932 ‚
1291 1887 1333 1922 et
1355 1887 1506 1922 contra
1528 1876 1683 1923 Eccle—

306 1945 412 1991 siam
439 1944 630 2001 faciunt‚
659 1944 705 1989 in
728 1945 902 1990 nomine
923 1944 1088 1990 Christi
1110 1945 1347 2008 baptizare.
1376 1967 1396 1987 »
1421 1948 1528 1992 Haec
1549 1946 1682 1992 verba

307 2015 520 2078 Cypriani
545 2015 774 2061 admonere
799 2032 877 2060 nos
901 2015 1105 2062 ridentur
1123 2053 1134 2072 ,
1166 2026 1215 2061 ut
1232 2015 1549 2076 distinguamus
1571 2018 1682 2063 inter

305 2103 376 2131 eos
395 2086 471 2149 qui
489 2085 592 2131 mali
611 2085 713 2131 foris
730 2096 830 2131 sunt
849 2123 860 2141 ,
885 2096 926 2131 et
942 2103 1011 2131 eos
1029 2088 1105 2149 qui
1124 2087 1240 2132 intus
1259 2086 1360 2132 mali
1376 2098 1487 2134 sunt.
1514 2089 1568 2133 Et
1585 2088 1680 2134 illos

303 2156 357 2202 de
387 2156 549 2220 quibus
572 2155 681 2201 dicit
710 2156 944 2219 Apostolus
963 2194 974 2212 ,
1002 2156 1120 2219 quod
1145 2157 1429 2217 Evangelium
1453 2175 1539 2204 non
1567 2169 1679 2204 caste

302 2237 345 2271 et
371 2243 448 2289 per
476 2225 689 2272 invidiam
710 2227 1044 2283 annuntiarent,
1080 2228 1197 2273 intus
1219 2227 1348 2273 fuisse
1373 2228 1507 2286 dicit,
1541 2240 1582 2275 et
1601 2247 1680 2276 ve-

301 2313 401 2342 rum
425 2295 545 2342 dicit.
576 2297 673 2342 Hoc
702 2307 845 2342 tamen
872 2307 980 2360 puto
1005 2313 1073 2342 me
1104 2315 1192 2342 non
1229 2308 1385 2344 temere
1417 2298 1559 2345 dicere
1588 2318 1598 2344 ε
1634 2302 1680 2347 Si

301 2367 405 2413 foris
427 2384 552 2412 nemo
581 2377 724 2430 potest
753 2366 919 2430 aliquid
950 2367 1113 2413 habere
1146 2368 1266 2432 quod
1294 2369 1459 2415 Christi
1481 2381 1542 2415 est
1560 2408 1571 2427 ‚
1600 2388 1680 2417 nec

300 2437 419 2483 intus
446 2437 678 2500 quisquam
706 2448 848 2501 potest
874 2438 1041 2501 aliquid
1069 2439 1232 2485 habere
1258 2440 1376 2503 quod
1406 2440 1573 2486 diaboli
1597 2452 1672 2489 est.

299 2508 347 2555 Si
365 2508 480 2554 enim
499 2507 656 2555 hortus
675 2507 747 2557 ille
770 2508 940 2559 clausus
958 2509 1103 2574 potuit
1127 2509 1290 2558 habere
1315 2510 1462 2574 spinas
1480 2510 1674 2570 diaboli,

346 2579 360 2606 ¹
374 2579 493 2625 Philip.
511 2590 541 2626 ¹2
566 2580 623 2626 ¹35

1885 179 1890 350 -2—w————
1886 0 1894 166 ---.-—-—-—.²
