1894 3154
303 282 359 314 DE
396 281 615 313 BAPTISMO
650 281 825 312 CONTRA
860 259 1150 322 noNATisTAs,
1191 281 1278 311 Lm.
1320 280 1401 311 vu.
1474 262 1567 322 443

198 348 324 401 sensi,
350 358 399 392 ut
417 348 630 401 haeretici,
659 347 735 410 qui
759 346 870 391 nihil
888 345 989 390 foris
1013 347 1233 391 consecuti
1254 356 1370 403 sunt,
1391 345 1569 410 quando

198 419 253 464 ad
281 418 510 463 Ecclesiam
532 427 862 471 convertuntur,
885 417 1178 479 baptizentur.
1212 438 1232 458 ›>

260 489 391 534 LXV.
425 487 489 532 Ad
513 487 596 532 hoc
616 487 901 549 respondetur
923 503 933 532 ε
954 485 1076 531 Nihil
1095 486 1270 548 quidem
1294 485 1398 530 foris
1418 503 1569 531 conse-

196 558 286 604 cuti
310 567 427 611 sunt,
452 557 524 602 sed
562 557 616 602 ad
640 556 819 602 salutem
839 593 849 612 ‚
878 574 965 601 non
989 556 1044 600 ad
1087 566 1418 602 sacramentum.
1447 555 1570 600 Salus

195 629 308 673 enim
329 628 507 690 propria
536 637 598 672 est
633 627 779 685 bonis3
810 636 1077 672 sacramenta
1114 640 1216 672 vero
1255 625 1506 672 communia
1528 635 1571 672 et

194 697 320 742 bonis
337 708 378 742 et
404 697 538 744 malis.

264 768 418 814 LXVI.
445 767 626 813 Verulus
662 786 684 813 a
709 768 951 814 Rusiccade
968 769 1074 814 dixit
1097 786 1107 813 z
1136 789 1154 808 α
1179 768 1322 813 Homo
1339 765 1570 812 haereticus

195 836 296 882 dare
314 855 399 882 non
418 848 558 901 potest
584 838 701 902 quod
724 856 809 884 non
841 840 976 885 habet
997 857 1007 884 :
1030 840 1168 885 multo
1190 838 1323 898 magis
1355 837 1570 882 schisma-

192 907 320 963 ticus‚
339 909 415 971 qui
433 909 552 971 quod
578 909 735 954 habuit
758 910 911 956 amisit.
941 932 960 951 n

260 979 439 1025 LXVII.
465 980 562 1024 Jam
584 981 850 1025 ostendimus
873 998 941 1026 eos
960 981 1150 1033 habere3
1175 979 1277 1043 quia
1311 993 1400 1023 non
1438 976 1569 1022 amit—

192 1057 308 1103 tunt,
328 1065 428 1093 cum
456 1049 677 1096 recedunt.
710 1052 808 1095 Non
824 1051 937 1095 enim
961 1051 1206 1114 recipiunt,
1241 1064 1340 1094 cum
1365 1047 1562 1093 redeunt.

194 1119 475 1182 Quapropter
497 1120 530 1165 si
550 1131 776 1183 propterea
795 1121 1058 1167 videbantur
1072 1121 1172 1166 dare
1190 1137 1274 1164 non
1295 1135 1416 1181 posse
1436 1154 1446 1171 ‚
1466 1117 1569 1181 quia

193 1190 466 1251 putabantur
503 1207 590 1235 non
627 1191 788 1235 habere
819 1208 829 1236 ι
858 1192 1263 1250 intelliganturjam
1290 1189 1392 1234 dare
1418 1203 1567 1251 posse,

195 1259 295 1321 quia
322 1259 624 1319 intelliguntur·
645 1271 686 1305 et
704 1262 880 1308 habere.

260 1330 463 1376 LXVIII.
494 1331 794 1376 Pudentianus
818 1350 839 1376 a
864 1332 1037 1377 Cuiculi
1070 1331 1199 1377 dixit:
1224 1352 1242 1372 c«
1262 1330 1441 1375 Novitas
1463 1327 1574 1390 epis-

195 1410 376 1462 copatus
406 1401 572 1456 effecit,
612 1401 764 1447 fratres
798 1401 1086 1455 dilectissimi,
1115 1413 1163 1448 ut
1186 1400 1435 1447 sustinerem
1463 1397 1572 1462 quid

194 1471 647 1530 majoresjudiearent.
678 1473 980 1518 Namhaereses
1002 1473 1115 1518 nihil
1131 1473 1310 1526 habere,
1333 1487 1412 1516 nec
1429 1485 1570 1532 posse,

195 1540 469 1586 manifestum
489 1553 548 1586 est
568 1560 578 1586 t
603 1552 732 1605 atque
751 1543 808 1588 ita
833 1543 867 1588 si
891 1544 968 1606 qui
987 1544 1105 1589 exeis
1122 1542 1334 1597 venerint,
1360 1536 1575 1603 baptizari

198 1611 441 1674 aequissime
461 1622 669 1657 statutum
695 1623 770 1659 est.

261 1683 419 1729 LXIX.
452 1683 574 1728 Sicut
596 1688 703 1744 ergo
722 1685 1022 1747 superioribus
1059 1700 1313 1747 responsum
1356 1692 1434 1737 est,
1467 1695 1576 1743 quos

197 1751 272 1797 hic
290 1753 528 1798 sustinebat
546 1755 930 1818 quidjudicarent‚
954 1755 1015 1801 sic
1031 1765 1070 1800 et
1093 1754 1198 1800 huic
1216 1754 1298 1818 ipsi
1320 1767 1575 1816 responsum

198 1840 283 1867 esse
304 1823 586 1883 intelligatur.

264 1893 398 1938 Lxx.
419 1893 571 1939 Petrus
585 1894 638 1939 ab
657 1894 864 1956 Hippone
880 1894 1106 1940 Diarrhito
1122 1894 1229 1940 dixit
1245 1910 1256 1939 ε
1274 1914 1293 1933 «
1311 1893 1421 1938 Cum
1438 1906 1577 1936 unum

197 1962 416 2025 baptisma
450 1964 500 2008 sit
528 1965 571 2009 in
593 1965 811 2010 catholica
849 1965 1061 2020 Ecclesia,
1089 1964 1361 2011 manifestum
1399 1973 1461 2008 est
1490 1978 1578 2006 non

198 2049 321 2095 posse
346 2043 458 2078 extra
492 2035 727 2080 Ecclesiam
753 2034 968 2098 baptizari
992 2053 1002 2079 :
1029 2046 1070 2080 et
1093 2035 1190 2080 ideo
1213 2035 1258 2079 in
1282 2034 1436 2079 haercsi
1464 2033 1576 2077 tinc-

199 2113 282 2157 tos,
320 2103 406 2147 sive
444 2105 487 2148 in
528 2105 777 2160 schismate,
811 2106 1027 2150 venientes
1052 2105 1105 2150 ad
1140 2104 1400 2159 Ecclesiam,
1429 2117 1579 2148 censeo

201 2172 417 2235 baptizari
442 2185 657 2236 oportere.

265 2244 424 2290 LXXI.
451 2244 522 2289 Sic
539 2255 601 2290 est
623 2261 759 2290 unum
794 2244 1010 2308 baptisma
1033 2245 1077 2290 in
1115 2244 1304 2291 Ecclesia
1341 2243 1576 2299 catholica,

201 2323 361 2359 uteum
383 2314 532 2359 exinde
553 2314 684 2379 aliqui
709 2315 904 2370 exierint,
925 2315 967 2359 in
996 2315 1065 2360 his
1077 2315 1152 2379 qui
1177 2324 1347 2367 exeunt,
1369 2331 1457 2360 non
1476 2314 1584 2360 fiant

202 2383 307 2437 duo,
335 2384 407 2429 sed
430 2385 543 2430 idem
583 2402 718 2431 unum
747 2396 928 2431 maneat.
962 2385 1090 2440 Quod
1111 2387 1271 2444 ergoin
1299 2384 1583 2430 redeuntibus

204 2456 467 2514 agnoscitur,
494 2456 580 2502 hoc
598 2467 639 2502 et
668 2458 711 2502 in
737 2458 795 2501 eis
818 2457 893 2520 qui
920 2474 940 2501 a
968 2457 1269 2502 recedentibus
1300 2465 1579 2520 acceperunt,

204 2525 323 2588 quod
346 2526 434 2571 illic
455 2543 556 2572 cum
576 2528 839 2583 recederent,
862 2544 948 2572 non
967 2528 1220 2573 amiserunt.

272 2596 456 2644 LXXII.
490 2599 597 2644 Item
625 2599 733 2645 alius
765 2599 928 2644 Lucius
945 2599 999 2645 ab
1026 2599 1185 2647 Ausafa
1204 2598 1310 2646 dixit
1333 2615 1344 2643 z
1367 2618 1386 2640 ε(
1412 2597 1584 2647 becun-
