1894 3154
605 278 662 306 DE
696 277 950 319 ΤΜΝΙΤΑΤΕ,
990 279 1077 311 LIB.
1119 281 1189 311 xv.
1532 270 1592 331 47

222 343 338 387 Deus
351 377 362 396 ‚
385 352 426 386 et
444 342 587 387 bonus
601 342 842 388 secundum
861 343 1115 406 qualitatem
1143 362 1154 389 t
1181 345 1255 391 sed
1275 356 1507 411 utrumque
1527 366 1596 394 se-

221 411 416 457 cundum
439 412 740 459 substantiam.
773 413 845 459 Sic
863 414 1009 459 omnia
1033 426 1189 461 caetera
1211 433 1311 479 quae
1328 433 1596 464 commemo-

220 482 408 526 ravimus
424 518 435 536 ,
459 482 574 528 unde
593 483 638 528 in
661 483 960 545 superioribus
979 485 1102 530 libris
1125 486 1367 546 multajam
1391 486 1589 534 diximus.

223 550 286 595 De
307 561 496 613 quatuor
520 552 651 611 igitur
674 554 827 615 primis
855 571 954 616 quae
979 555 1110 600 modo
1143 572 1166 600 a
1192 556 1318 601 nobis
1349 567 1599 603 enumerata

223 630 350 682 atque
374 621 535 681 digesta
560 633 685 678 sunt,
716 623 761 667 id
782 634 844 668 est
863 660 873 679 ‚
901 634 1087 669 aeternus
1103 662 1114 680 ‚
1145 625 1403 671 immortalis
1419 663 1429 682 ‚
1449 628 1600 672 incor-

222 690 471 753 ruptibilis,
506 692 817 747 immutabilis,
857 710 993 738 unum
1031 694 1196 758 aliquid
1231 695 1464 755 eligamus3
1495 697 1598 759 quia

223 776 358 805 unum
379 773 565 823 quatuor
584 763 662 807 ista
681 763 926 822 significant
943 801 954 817 ‚
979 765 1197 823 sicutjam
1215 765 1396 811 disserui
1414 785 1426 819 ς
1448 783 1500 811 ne
1519 783 1598 829 per

223 831 358 876 multa
377 831 647 878 distendatur
665 834 871 888 intentio,
901 845 943 879 et
962 834 1070 879 illud
1099 836 1244 897 potius
1268 835 1386 898 quod
1407 836 1597 899 positum

223 913 284 947 est
302 904 423 965 prius
437 940 448 958 ‚
469 903 515 948 id
536 915 613 959 est,
636 914 835 950 aeternus.
855 906 951 950 Hoc
969 904 1179 950 faciamus
1195 916 1236 950 et
1255 905 1308 951 de
1329 917 1516 983 quatuor
1532 923 1594 951 se-

225 971 406 1027 caudis,
432 989 539 1048 'quae
574 984 700 1029 sunt,
734 974 886 1029 vivus,
924 974 1121 1051 sapiens,
1152 985 1331 1037 potens,
1359 976 1591 1052 speciosus.

227 1042 284 1087 Et
306 1041 530 1118 quoniam
537 1043 625 1087 xita
649 1042 981 1106 qualiscumque
1017 1044 1126 1089 inest
1158 1055 1200 1088 et
1227 1045 1402 1107 pecori,
1433 1046 1504 1090 cui
1527 1063 1599 1090 sa-

226 1111 388 1174 pientia
409 1129 495 1157 non
521 1109 656 1165 inest3
683 1112 771 1157 duo
796 1130 897 1157 vero
921 1113 1024 1168 ista,
1051 1114 1260 1176 sapientia
1287 1115 1450 1160 scilicet
1472 1126 1600 1178 atque

227 1183 450 1245 potentia,
490 1183 547 1228 ita
585 1194 686 1228 sunt
724 1184 837 1228 inter
875 1201 916 1229 se
958 1185 1002 1229 in
1034 1184 1211 1230 homine
1243 1197 1523 1248 comparata
1553 1196 1602 1231 ut

229 1263 375 1300 sancta
403 1253 629 1316 Scriptura
653 1253 818 1299 diceret
840 1272 850 1298 ε
876 1276 895 1295 α
919 1254 1072 1300 Melior
1087 1266 1150 1300 est
1174 1256 1344 1318 sapiens
1368 1272 1500 1319 quam
1518 1255 1604 1301 for-

231 1344 250 1364 »
272 1321 374 1375 tis13
394 1344 414 1362 »
434 1323 626 1385 speciosa
644 1340 777 1386 porro
798 1324 928 1368 etiam
953 1341 1137 1388 corpora
1154 1324 1242 1370 dici
1268 1325 1406 1370 solent
1433 1342 1442 1370 :
1468 1341 1604 1371 unum

231 1410 278 1438 ex
303 1392 372 1437 his
391 1393 607 1455 quatuor2
631 1393 752 1456 quod
771 1393 991 1453 eligimus,
1019 1395 1189 1457 sapiens
1211 1394 1423 1454 eligatur:
1451 1412 1604 1458 quam-

230 1462 294 1508 vis
327 1462 427 1508 haec
462 1473 650 1526 quatuor
679 1464 725 1508 in
761 1465 849 1508 Deo
882 1480 969 1508 non
1001 1464 1233 1527 inaequalia
1268 1463 1454 1510 dicenda
1488 1465 1600 1517 sint;

231 1533 407 1578 nomina
430 1534 545 1579 euim
563 1545 774 1597 quatuor,
804 1550 866 1579 res
888 1545 1028 1580 autem
1050 1552 1134 1580 una
1153 1545 1228 1581 est.
1262 1537 1326 1580 De
1350 1535 1483 1580 tertiis
1502 1551 1603 1579 vero

234 1603 396 1648 ultimis
423 1616 640 1667 quatuor,
675 1607 875 1667 quamvis
905 1605 949 1649 in
981 1605 1071 1649 Deo
1104 1604 1217 1649 idem
1243 1605 1297 1649 sit
1319 1608 1489 1664 justum
1518 1620 1605 1648 esse

233 1673 351 1736 quod
371 1673 557 1723 bonum,
574 1673 691 1736 quod
715 1676 890 1719 beatum
905 1711 915 1729 ,
933 1673 1134 1736 idemque
1157 1673 1360 1736 spiritum
1378 1691 1463 1718 esse
1485 1673 1604 1735 quod

230 1747 395 1803 justum
417 1753 458 1787 et
478 1743 642 1788 honum
664 1754 705 1788 et
721 1745 895 1789 beatum
913 1760 998 1788 esse
1020 1761 1030 1787 ε
1061 1754 1204 1788 tamen
1224 1745 1327 1806 quia
1346 1743 1391 1788 in
1411 1743 1603 1787 homini-

236 1813 320 1858 bus
344 1823 485 1875 potest
518 1830 604 1858 esse
627 1814 803 1876 spiritus
838 1831 925 1858 non
956 1814 1132 1868 beatus,
1166 1823 1308 1876 potest
1334 1824 1376 1858 et
1401 1816 1543 1871 justus
1565 1823 1607 1858 et

237 1884 378 1929 bonus
401 1883 596 1928 nondum
622 1883 798 1937 beatus;
826 1884 903 1946 qui
926 1901 1026 1929 vero
1050 1884 1200 1929 beatus
1219 1894 1309 1938 est,
1343 1883 1538 1947 profecto
1567 1893 1608 1928 et

235 1957 376 2013 justus
401 1963 443 1997 et
463 1954 602 1998 bonus
619 1964 660 1998 et
678 1954 855 2016 spiritus
875 1964 938 1999 est
958 1972 968 1999 :
995 1954 1078 1999 hoc
1102 1955 1249 2016 potius
1266 1953 1474 2013 eligamus
1492 1953 1611 2016 quod

240 2023 386 2069 necin
413 2023 667 2069 hominibus
687 2041 774 2069 esse
805 2025 894 2070 sine
925 2024 1010 2071 illis
1041 2025 1182 2070 tribus
1205 2034 1371 2087 potest,
1406 2023 1525 2087 qnod
1549 2033 1611 2069 est

242 2094 409 2140 beatus,

307 2166 386 2210 IX.
417 2164 533 2209 Num
552 2164 684 2223 igitur
705 2180 804 2210 cum
827 2164 1012 2210 dicimus
1029 2202 1039 2220 ‚
1061 2175 1272 2218 aeternus,
1295 2163 1463 2226 sapiens
1481 2200 1492 2219 ‚
1514 2164 1615 2209 bea-

245 2245 336 2288 tus,
360 2235 459 2279 haec
481 2234 565 2278 tria
589 2245 689 2280 sunt
712 2235 923 2290 Trinitas,
960 2252 1059 2298 quae
1088 2235 1333 2298 appellatur
1358 2236 1499 2279 Deus?
1527 2235 1617 2279 Re-

247 2305 434 2365 digimus
479 2305 653 2367 quidem
695 2305 766 2350 illa
808 2306 1039 2351 duodecim
1093 2306 1138 2350 iu
1189 2305 1312 2350 istam
1355 2304 1621 2367 paucitatem

247 2376 379 2421 trium
406 2393 417 2420 ι
446 2375 519 2420 sed
556 2393 605 2420 eo
634 2375 765 2420 modo
795 2376 974 2421 forsitan
1008 2392 1235 2438 possumus
1262 2386 1305 2420 et
1333 2375 1430 2419 haec
1462 2375 1542 2420 tria
1575 2375 1621 2419 in

251 2463 388 2491 unum
413 2445 587 2508 aliquod
619 2445 794 2491 horum.
825 2446 935 2490 Nam
963 2446 996 2490 si
1023 2462 1106 2490 una
1127 2445 1362 2508 eademque
1385 2461 1450 2489 res
1476 2445 1521 2489 in
1544 2444 1623 2490 Dei

251 2528 407 2564 natura
439 2527 582 2579 potest
604 2533 689 2561 esse
722 2517 933 2578 sapientia
956 2527 997 2562 et
1025 2517 1220 2580 potentia
1235 2553 1247 2574 ,
1284 2526 1359 2562 aut
1386 2515 1473 2561 vita
1491 2525 1534 2561 et
1556 2532 1626 2562 sa-

301 2601 311 2621 1
329 2601 402 2642 Sap.
423 2609 469 2638 v1,
492 2610 522 2633 1,
537 2616 580 2622 —
595 2596 610 2620 2
622 2600 728 2637 Forte,
745 2598 932 2640 aequalibus.
