1894 3154
367 201 455 257 144
782 217 816 245 s.
861 215 1106 245 Aeecsrmi
1142 214 1344 245 Episcorl

353 298 447 327 mus
469 281 588 327 aliud
605 301 616 335 ;
631 280 708 327 Vae
718 281 787 326 1115
799 281 872 344 qui
892 280 1178 343 perdiderunt
1196 281 1514 337 sustinentiam,
1534 281 1638 327 dum
1659 298 1734 345 po-

359 362 470 397 nunt
482 351 622 398 lucem
644 352 859 405 tenebras,
881 362 920 395 et
937 352 1133 396 tenebras
1151 351 1290 397 lucem
1306 351 1340 398 1.
1360 352 1478 409 Quid
1497 353 1613 397 0111111
1628 352 1735 398 11101-

353 422 448 468 dius
465 421 682 485 promissis
708 421 802 474 Dei,
827 420 1182 482 quitemporibus
1200 422 1353 466 nostris
1372 423 1587 478 exhibuit,
1611 422 1734 485 quod

360 502 458 537 ante
471 507 682 536 annorum
694 489 827 534 millia
845 490 1151 551 praenuntiavit
1161 528 1170 544 ‚
1188 491 1227 534 in
1241 491 1398 536 semine
1417 492 1607 537 Abrabae
1618 491 1737 554 quod

355 572 418 606 est
443 560 665 614 Christus,
689 559 1031 604 benedictionem
1050 577 1195 605 omnes
1210 571 1351 620 gentes
1368 561 1594 607 habituras
1610 562 1660 607 29
1683 563 1738 607 Et

353 629 463 694 quid
485 630 751 675 tenebrosius
774 629 1193 692 praesumptionibus
1216 630 1445 675 hominum
1464 670 1474 686 ,
1504 631 1579 694 qui
1603 649 1738 694 prop-

357 711 420 745 ter
443 710 601 745 temere
619 699 808 758 objecta,
827 709 868 744 et
891 716 1114 762 nunquam
1139 700 1326 763 probata
1347 701 1530 745 crimina
1558 701 1736 746 tradito-

361 787 478 826 rum,
505 770 633 832 (quae
652 769 688 814 si
708 786 807 815 Vera
831 780 983 822 essent,
1011 787 1237 833 nunquam
1263 775 1355 815 Deo
1378 771 1736 833 praejudicarent,

359 840 589 904 quominus
612 857 711 903 quae
726 841 926 903 promisit
943 840 1193 903 impleret),
1216 841 1390 903 periisse
1412 841 1567 886 dicunt
1583 842 1741 888 Chris-

358 912 525 956 tianum
548 927 708 955 nomen
728 910 780 955 de
818 921 882 956 tot
925 912 1126 970 gentibus
1162 911 1207 956 in
1227 912 1332 956 orbe
1363 923 1593 968 terrarum,
1632 923 1673 957 et
1695 912 1741 957 in

361 981 449 1026 sola
488 979 635 1027 Africa
659 981 936 1026 remansisse?
968 983 1022 1026 Et
1051 981 1167 1026 hanc
1202 982 1590 1044 praesumptionem
1621 999 1741 1028 suam

363 1035 505 1114 lucem
529 1050 684 1095 dicunt
703 1088 712 1104 ,
737 1051 946 1114 promissa
972 1068 1072 1096 x:ero
1097 1051 1175 1095 Dei
1194 1055 1282 1110 jam
1304 1052 1398 1114 ipso
1419 1053 1572 1097 effectu
1596 1069 1740 1097 rerum

363 1120 606 1167 illuminata
626 1120 951 1165 mendaciorum
974 1121 1160 1165 tenebris
1174 1121 1341 1183 operire
1359 1121 1642 1168 contendunt.
1673 1123 1743 1166 In-

364 1208 493 1254 super
505 1190 732 1236 adversum
752 1208 828 1235 nos
845 1190 957 1235 facta
981 1207 1055 1235 sua
1076 1190 1282 1246 clamant,
1305 1190 1495 1236 dicentes
1516 1209 1525 1235 ε
1544 1213 1563 1231 «
1582 1192 1658 1237 Vae
1675 1191 1744 1237 his

363 1283 384 1303 »
407 1261 483 1324 qui
495 1260 821 1324 ponuntlucem
836 1261 1059 1313 tenebras;
1082 1272 1121 1305 et
1139 1261 1487 1306 tenebraslucem
1503 1260 1534 1308 3.
1562 1283 1580 1302 n
1597 1262 1740 1307 Ita-ne

364 1331 437 1377 lux
460 1341 550 1376 erat
569 1332 775 1394 Optatus.
799 1348 898 1375 cum
917 1342 1054 1376 totum
1081 1331 1231 1375 orbem
1250 1332 1444 1376 tenebras
1461 1331 1743 1394 appellabat?

367 1404 435 1448 An
460 1418 556 1447 eum
584 1401 731 1463 potius
750 1418 834 1446 esse
853 1402 1049 1446 tenebras
1076 1412 1162 1446 tota
1189 1401 1333 1446 Africa
1357 1401 1585 1457 sentiebat,
1609 1411 1650 1446 et
1669 1401 1740 1447 isti

365 1489 464 1518 eum
486 1472 628 1517 lucem
651 1471 886 1527 vocabant,
914 1472 989 1535 qui
1023 1482 1196 1534 ponunt
1218 1471 1360 1516 lucem
1386 1472 1580 1516 tenebras
1610 1483 1652 1517 et
1680 1483 1747 1517 te-

363 1544 466 1588 bras
506 1542 682 1587 lucem?
721 1562 742 1582 «
770 1542 853 1586 Sed
887 1542 1164 1604 displicebat,
1206 1542 1429 1604 inquiunt,
1472 1543 1663 1605 Optatus
1702 1543 1747 1587 in

365 1612 669 1659 communione
692 1623 837 1658 nostra
859 1614 1061 1658 omnibus
1081 1614 1220 1659 bonis.
1251 1637 1262 1652 n
1308 1613 1406 1658 Non
1427 1630 1530 1672 ergo
1553 1630 1648 1658 eum
1674 1613 1747 1658 lu-

364 1700 457 1729 cem
475 1682 715 1738 vocabatis,
729 1693 770 1727 et
788 1693 932 1728 tamen
949 1683 986 1728 ei
1003 1683 1413 1728 communicabatis.
1435 1682 1588 1742 Eligite
1602 1683 1748 1746 itaque

368 1753 487 1816 quod
501 1752 656 1807 velitis,
683 1763 755 1798 aut
774 1771 862 1798 non
886 1753 1036 1799 obesse
1051 1754 1096 1798 in
1117 1771 1201 1798 una
1217 1753 1526 1798 communione
1552 1753 1749 1798 tenebras

367 1823 474 1879 luci,
489 1822 561 1868 sed
573 1822 764 1868 sufficere
778 1823 924 1868 luciut
944 1824 1139 1868 tenebras
1154 1823 1390 1885 improbet,
1410 1833 1449 1867 et
1470 1840 1538 1867 eas
1557 1840 1640 1885 pro
1655 1822 1749 1867 uni-

372 1904 474 1947 tate,
496 1893 529 1937 si
556 1892 761 1955 expellere
783 1910 867 1937 11011
892 1904 1052 1956 potest,
1084 1894 1256 1946 toleret3
1280 1904 1406 1955 atque
1432 1893 1493 1937 ita
1512 1910 1597 1937 non
1623 1892 1749 1937 fuisse

371 1979 543 2011 causam
564 1978 642 2007 cur
670 1962 725 2006 ab
747 1962 1054 2008 innocentibus
1094 1963 1318 2018 fratribus,
1347 1979 1454 2025 quos
1479 1961 1612 2006 malos
1635 1971 1749 2007 certe

371 2050 458 2078 non
480 2031 681 2095 potuistis
700 2032 940 2089 ostendere,
962 2033 995 2077 si
1014 2033 1138 2078 vobis
1166 2034 1360 2092 cognitos
1383 2032 1508 2076 etiam
1535 2030 1664 2076 fuisse
1678 2031 1750 2076 di-

372 2103 476 2148 catis
497 2102 723 2147 tenebroso
757 2102 1000 2147 schismatis
1023 2103 1244 2161 sacrilegio
1276 2101 1652 2161 disjungeremini:
1676 2111 1751 2146 aut

372 2176 511 2219 sinon
535 2172 693 2217 sufficit
717 2172 804 2217 luci
831 2184 875 2217 ut
909 2173 1126 2235 improbet
1143 2190 1249 2236 quas
1269 2172 1475 2235 expellere
1494 2189 1579 2216 non
1608 2182 1749 2234 potest

372 2243 586 2296 tenebras,
606 2241 652 2287 id
676 2252 753 2297 est,
782 2242 815 2286 si
834 2260 920 2287 non
937 2242 1096 2288 sufficit
1117 2244 1242 2288 bonis
1255 2254 1302 2287 ut
1319 2242 1570 2304 improbent
1593 2241 1743 2297 malos,

371 2329 480 2376 quos
507 2311 730 2356 excludere
756 2312 824 2357 vel
845 2312 1071 2358 emendare
1102 2329 1188 2357 non
1214 2323 1419 2374 possunt3
1443 2311 1610 2356 facilius
1638 2328 1748 2356 unus

373 2384 565 2445 Optatus
587 2392 754 2444 partem
777 2383 937 2427 Donati
960 2383 1003 2428 in
1027 2399 1109 2428 una
1132 2383 1277 2428 Africa
1301 2383 1546 2426 notissimus
1569 2392 1611 2426 et
1628 2399 1748 2444 aper-

373 2452 557 2498 tissimus
573 2450 824 2507 maculavit,
848 2469 981 2515 quam
996 2452 1181 2516 quilibet
1205 2451 1305 2497 Afer
1323 2451 1505 2496 traditor
1522 2461 1584 2496 tot
1604 2462 1748 2510 gentes

417 2535 427 2557 ¹
449 2534 544 2567 Eccli.
565 2544 600 2573 11,
621 2535 670 2564 16.
687 2551 732 2557 -—
746 2531 760 2554 2
774 2536 857 2568 Gen.
875 2545 957 2577 xxii,
979 2536 1028 2567 18.
1044 2554 1088 2560 -—-
1106 2532 1120 2557 3
1138 2535 1207 2566 lsai.
1228 2545 1256 2570 v,
1273 2545 1324 2566 20.
