1894 3154
261 267 319 310 50
549 248 558 251 ”
668 275 702 304 S.
745 271 990 303 AUGUSTINI
1023 270 1228 302 muscom

255 356 339 402 est,
361 354 574 390 aeternum
600 350 728 402 atque
750 336 1111 384 incommutabile
1134 335 1349 399 conspicit
1367 355 1378 390 ;
1398 351 1506 381 num
1529 352 1629 395 ergo

258 416 372 462 sicut
395 414 442 459 in
462 413 532 458 his
551 409 755 456 omnibus
773 407 1029 453 certissimas
1050 405 1246 452 videmus
1268 406 1478 452 trinitates
1496 443 1507 462 ‚
1527 406 1631 469 quia

259 486 306 531 in
335 484 462 530 nobis
488 483 600 528 fiunt
627 478 693 525 vel
715 478 761 523 in
792 477 919 522 nobis
950 487 1074 532 sunt,
1101 493 1201 521 cum
1223 476 1303 521 ista
1325 476 1626 532 meminimus,

258 554 509 617 aspicimus,
526 550 744 604 volumus,
763 547 823 592 ita
836 545 1032 592 videmus
1046 545 1176 591 etiam
1192 546 1452 591 Trinitatem
1465 548 1628 603 Deum,

257 624 361 687 quia
377 632 419 668 et
436 621 528 667 illic
544 615 825 677 intelligendo
850 615 1142 678 conspicimus
1160 625 1368 678 tanquam
1395 615 1628 672 dicentem,

258 705 301 739 et
329 692 514 739 verbum
540 692 656 749 ejus,
685 687 731 733 id
754 697 816 732 est
833 723 845 743 ,
877 686 1055 731 Patrem
1083 696 1125 731 et
1156 685 1314 731 Filium
1334 723 1345 742 ,
1378 696 1509 748 atque
1530 685 1632 732 inde

255 761 563 826 procedentem
578 757 837 803 charitatem
857 755 1030 818 utrique
1043 772 1337 811 communem,
1355 754 1519 801 scilicet
1535 755 1634 818 Spi-

253 834 388 879 ritum
412 830 640 876 sanctum?
673 827 742 872 An
760 825 972 871 trinitates
997 825 1097 870 istas
1125 824 1182 869 ad
1205 840 1348 869 sensus
1372 836 1541 870 nostros
1565 824 1634 871 vel

255 903 312 948 ad
339 901 532 947 animum
555 896 819 962 pertinentes
836 895 1036 942 videmus
1058 895 1206 958 potius
1231 912 1364 957 quam
1388 895 1627 950 credimus,

255 974 397 1018 Deum
421 986 523 1017 vero
542 985 628 1014 esse
649 967 907 1012 Trinitatem
930 965 1147 1011 credimus
1175 965 1322 1028 potius
1343 982 1476 1028 quam
1508 965 1636 1012 vide—

254 1045 383 1088 mus‘?
412 1039 545 1096 Quod
561 1039 596 1084 si
610 1038 670 1083 ita
687 1047 748 1082 est
766 1073 777 1093 ,
803 1035 1000 1099 profecto
1026 1046 1100 1081 aut
1118 1035 1357 1081 invisibilia
1376 1040 1468 1095 ejus
1487 1053 1567 1099 per
1586 1053 1636 1080 ea

256 1129 358 1177 quae
381 1111 495 1157 facta
519 1119 619 1155 sunt
641 1107 762 1153 nulla
784 1106 1002 1152 intellecta
1027 1106 1320 1169 conspicimus
1339 1126 1350 1159 3
1394 1117 1467 1151 aut
1491 1107 1526 1152 si
1549 1106 1637 1151 ulla

259 1181 579 1244 conspicimus,
603 1195 693 1223 non
721 1177 766 1222 in
791 1177 850 1221 eis
879 1176 1172 1239 conspicimus
1196 1175 1455 1221 Trinitatem
1471 1213 1483 1232 ,
1513 1186 1554 1221 et
1576 1187 1638 1221 est

258 1251 347 1297 illic
368 1249 489 1313 quod
511 1246 831 1310 conspiciamus
844 1282 855 1301 ‚
876 1256 938 1290 est
956 1245 1075 1308 quod
1092 1244 1222 1290 etiam
1241 1263 1330 1291 non
1353 1257 1636 1308 conspectum

261 1321 432 1367 credere
451 1319 700 1364 debeamus.
728 1315 990 1378 Conspiccre
1015 1326 1156 1360 autem
1174 1333 1252 1361 nos
1269 1316 1542 1361 immutabile
1559 1317 1638 1361 bo-

259 1408 389 1446 num,
411 1387 532 1452 quod
565 1404 644 1432 nos
675 1403 765 1431 non
796 1402 968 1441 sumus,
1008 1385 1119 1430 liber
1154 1396 1331 1432 octavus
1354 1385 1565 1437 ostendit.
1596 1397 1638 1431 ct

260 1470 441 1524 quartus
469 1456 663 1502 decimus
678 1492 690 1512 ,
714 1471 816 1500 cum
843 1454 896 1499 de
920 1454 1130 1517 sapientia
1152 1472 1253 1517 quae
1283 1455 1454 1501 homini
1475 1473 1523 1500 ex
1547 1456 1637 1500 Deo

259 1542 323 1576 est
340 1531 633 1593 loqueremur,
654 1525 895 1571 admonuit.
919 1526 1010 1570 Cur
1022 1525 1168 1588 itaque
1184 1525 1248 1570 ibi
1264 1526 1638 1585 non-agnoscimus

259 1602 295 1645 T
302 1600 546 1645 rinitatem?
578 1598 646 1642 An
669 1595 768 1640 haec
789 1595 1000 1657 sapientia
1018 1611 1119 1658 quae
1140 1596 1256 1640 Deus
1275 1594 1461 1650 dicitur,
1489 1608 1578 1640 non
1595 1612 1638 1640 se

258 1668 484 1729 intelligit,
507 1684 597 1712 non
618 1683 659 1711 se
682 1665 857 1725 diligit?
883 1664 993 1721 Quis
1019 1665 1108 1710 hoc
1134 1664 1315 1710 dixerit?
1349 1676 1423 1710 aut
1447 1666 1543 1728 quis
1576 1676 1639 1710 est

261 1740 338 1803 qui
360 1755 449 1784 non
471 1736 644 1791 videat,
671 1735 751 1780 ubi
779 1734 900 1780 nulla
924 1735 1100 1780 scientia
1131 1745 1216 1791 est,
1254 1735 1376 1782 nullo
1398 1735 1528 1781 modo
1552 1752 1638 1780 esse

260 1806 544 1871 sapientiam?
587 1807 675 1850 Aut
709 1820 810 1851 vero
850 1803 1100 1866 putandum
1131 1815 1217 1860 est,
1255 1806 1511 1867 sapientiam
1538 1822 1638 1868 quae

260 1880 379 1925 Deus
396 1886 480 1932 est,
508 1874 615 1919 scire
641 1873 723 1919 alia
745 1883 786 1918 et
806 1873 969 1918 nescire
996 1890 1038 1918 se
1068 1874 1235 1936 ipsam,
1265 1874 1332 1920 vel
1353 1874 1530 1934 diligere
1555 1875 1638 1920 alia

262 1965 343 1995 nec
363 1947 539 2006 diligere
565 1961 606 1989 se
629 1944 798 2007 ipsam?
837 1944 948 2000 Quae
975 1944 1010 1989 si
1044 1943 1132 1989 dici
1150 1945 1237 1991 sive
1259 1945 1378 1991 credi
1397 1945 1579 1991 stultum
1597 1955 1640 1990 et

257 2018 446 2082 impium
463 2026 548 2069 est;
571 2032 669 2061 ecce
689 2032 790 2074 ergo
809 2015 996 2060 Trinitas
1009 2052 1020 2071 ,
1047 2016 1258 2078 sapientia
1282 2016 1446 2061 scilicet
1462 2053 1472 2071 ‚
1494 2027 1536 2061 et
1555 2033 1639 2062 no·-

258 2090 354 2136 titia
376 2088 467 2143 sui,
489 2098 531 2132 et
560 2085 734 2131 dilectio
760 2086 842 2133 sui:
883 2085 954 2131 Sic
987 2087 1101 2130 6111111
1121 2086 1167 2131 in
1194 2086 1372 2132 homine
1391 2087 1638 2133 invenimus

260 2160 499 2207 trinitatem
517 2195 528 2214 ,
554 2157 602 2203 id
621 2168 700 2214 est,
728 2167 933 2213 mentem,
960 2166 1003 2201 et
1024 2156 1224 2202 notitiam
1240 2174 1328 2222 qua
1359 2174 1400 2203 se
1422 2157 1569 2213 novit,
1596 2168 1638 2203 et

261 2229 537 2276 dilectionem
558 2244 646 2290 qua
677 2244 718 2272 se
736 2227 890 2287 diligit.

327 2300 406 2346 XI.
437 2297 521 2342 Sed
553 2297 650 2342 haec
674 2298 754 2343 tria
772 2297 835 2342 ita
861 2308 962 2342 sunt
991 2298 1036 2342 in
1056 2297 1251 2353 homine,
1269 2309 1317 2343 ut
1335 2314 1422 2344 non
1445 2299 1539 2361 ipsa
1554 2299 1638 2343 sint

260 2371 409 2415 homo.
434 2367 577 2412 Homo
601 2377 661 2411 est
683 2367 816 2423 enim,
836 2367 948 2412 sicut
976 2377 1136 2413 veteres
1171 2367 1455 2423 definierunt,
1477 2368 1639 2413 animal

258 2438 468 2486 rationale
482 2436 674 2483 mortale.
701 2436 782 2482 Illa
802 2455 901 2497 ergo
918 2437 1130 2483 excellunt
1152 2438 1197 2483 in
1216 2438 1410 2494 homine,
1435 2455 1522 2483 non
1543 2439 1638 2502 ipsa

256 2521 357 2558 sunt
369 2511 520 2555 homo.
540 2509 597 2554 Et
608 2524 695 2553 una
707 2524 908 2571 persona,
926 2509 972 2555 id
987 2520 1067 2566 est,
1083 2509 1275 2569 singulus
1286 2509 1466 2573 quisque
1482 2509 1633 2565 homo,

250 2580 472 2629 habetilla
493 2578 804 2625 triainmente.
830 2579 963 2635 Quod
988 2580 1023 2626 si
1047 2580 1176 2626 etiam
1206 2580 1266 2626 sic
1284 2579 1540 2633 definiamus
1556 2580 1636 2626 ho-
