1894 3154
244 289 301 321 m:
335 289 555 321 BAPTISMO
590 289 765 321 com-M
799 290 1092 333 nounrsms,
1132 296 1219 325 Lm.
1262 297 1340 326 vn.
1414 282 1507 337 435

138 355 318 418 prianus
355 356 548 402 habebat
573 373 802 402 commune
826 374 927 402 eum
961 358 1137 413 talibus=
1176 361 1390 423 numquid
1414 361 1509 408 ideo

139 444 339 490 sponsam
362 425 526 472 Christi
544 427 758 490 prodebat
775 427 997 475 adulteris.
1018 446 1067 473 ac
1090 447 1177 475 non
1192 431 1339 493 potius
1358 433 1516 478 monile

141 498 284 561 sponsi
304 499 431 543 etiam
459 497 505 543 in
521 497 713 544 adultera
740 500 1064 558 cognoscebat?

205 569 364 616 XXVI.
390 569 601 631 Aymnius
626 570 682 614 ab
708 572 906 629 Ausuaga
927 570 1033 615 dixit
1061 588 1071 615 :
1095 591 1115 611 ε(
1144 572 1229 616 Nos
1244 587 1378 617 unum
1400 573 1518 635 bap-

132 638 265 689 ‘tisma
291 638 551 701 accepimus,
576 649 616 684 et
644 639 786 702 ipsum
810 657 1052 685 exercemus
1077 658 1087 685 :
1110 640 1187 704 qui
1214 652 1355 686 autern
1391 642 1515 699 dicit,

143 709 245 772 quia
266 719 307 754 et
338 708 554 755 haereticis
587 709 688 756 licet
714 710 940 775 baptizare
959 748 970 768 ‚
1008 711 1099 775 ipse
1137 711 1246 757 duos
1284 713 1523 776 baptismos

143 777 263 826 f‘dClt.
292 800 312 820 »

210 849 395 896 XXVII.
434 850 550 895 Huic
573 851 860 914 respondetur
885 870 896 897 ε
927 852 1018 897 Cur
1056 869 1141 896 non
1167 852 1294 897 etiam
1318 852 1390 898 ille
1416 853 1525 899 duos

145 919 385 982 baptismos
410 919 531 974 facit,
555 921 631 984 qui
656 921 763 966 dicit
782 922 884 984 quia
907 932 948 966 et
980 921 1118 983 iniqui
1142 922 1392 984 baptizant?
1413 924 1528 968 Cum

148 991 260 1034 enim
285 989 392 1049 justi
410 1000 451 1035 et
474 991 614 1054 iniqui
650 991 730 1036 sibi
756 991 961 1037 contrarii
991 991 1093 1044 sint,
1123 991 1366 1053 baptismus
1397 1009 1527 1054 quem

148 1058 391 1117 dantjusti‚
409 1059 548 1120 qualis
573 1071 662 1105 erat
682 1061 864 1116 Paulus,
904 1060 970 1105 vel
997 1060 1124 1105 etiam
1158 1060 1297 1123 qualis
1318 1071 1409 1105 erat
1439 1064 1533 1124 (Iy-

150 1129 347 1193 prianus,
376 1146 462 1175 non
487 1143 549 1176 est
572 1131 815 1176 contrarius
840 1131 1060 1194 baptismo
1095 1148 1223 1193 quem
1249 1131 1418 1176 dabant
1444 1132 1533 1177 ini-

151 1200 224 1262 qui
251 1200 312 1245 illi
351 1202 426 1264 qui
458 1201 639 1247 oderant
664 1202 849 1247 Paulum
868 1239 878 1256 ‚
908 1219 1017 1264 quos
1044 1219 1129 1246 non
1163 1202 1414 1257 haereticos‚
1458 1203 1531 1248 sed

153 1270 287 1315 malos
310 1271 548 1316 catholicos
582 1273 830 1335 Cyprianus
849 1272 1051 1331 intelligit
1076 1290 1086 1316 ι
1114 1283 1154 1316 et
1179 1289 1276 1317 cum
1305 1274 1534 1318 contrariae

154 1341 235 1386 sibi
261 1341 345 1387 sint
380 1342 644 1387 continentia
675 1359 775 1405 quae
801 1343 887 1387 fuit
917 1342 960 1386 in
997 1342 1250 1404 Cypriano,
1279 1353 1320 1387 et
1355 1344 1535 1388 avaritia

156 1427 256 1472 quae
286 1410 367 1456 fuit
397 1411 441 1456 in
483 1411 654 1470 collegis
681 1412 917 1474 Cypriani3
951 1412 1195 1474 baptismus
1232 1422 1372 1457 tamen
1407 1430 1538 1475 quem

159 1481 407 1543 Cyprianus
428 1481 580 1535 dabat,
607 1499 695 1526 non
716 1492 807 1526 erat
824 1482 1066 1526 contrarius
1090 1481 1308 1543 baptismo
1332 1498 1459 1544 quem
1476 1483 1539 1527 illi

158 1549 341 1605 dabant,
368 1549 439 1595 sed
464 1567 574 1595 unus
594 1561 633 1595 et
656 1551 772 1596 idem
797 1569 806 1595 :
829 1551 930 1614 quia
950 1550 1020 1595 ille
1037 1551 1233 1614 baptizat
1260 1550 1313 1596 de
1330 1568 1417 1613 quo
1445 1551 1539 1597 dic-

160 1630 251 1665 tum
274 1631 364 1665 est:
388 1641 405 1661 «
426 1622 522 1683 lpse
548 1631 609 1666 est
629 1622 705 1683 qui
731 1621 928 1683 baptizat
952 1619 985 1666 4.
1015 1641 1034 1662 >³

226 1691 436 1737 XXVIII.
487 1691 750 1736 Saturninus
793 1708 815 1735 a
859 1690 1110 1736 Victoriana
1143 1689 1285 1734 dixit:
1328 1712 1347 1731 ε(
1374 1691 1417 1735 Si
1445 1691 1547 1736 licet

160 1760 378 1806 haereticis
406 1760 650 1823 baptizare,
689 1761 877 1805 excusati
909 1771 1010 1804 sunt
1047 1770 1088 1804 et
1113 1758 1274 1804 defensi
1298 1759 1448 1805 illicita
1474 1760 1541 1806 fa-

163 1832 359 1879 cientes:
387 1848 467 1877 nec
506 1831 631 1877 video
657 1848 791 1894 quare
828 1848 896 1875 eos
933 1841 1008 1875 aut
1048 1829 1248 1874 christus
1281 1829 1547 1876 adversarios

165 1920 281 1952 suosq
306 1912 381 1947 aut
409 1902 640 1964 Apostolus
666 1902 945 1947 antichristos
969 1900 1264 1962 appellaverit.
1297 1922 1317 1941 ))

231 1974 393 2019 XXIX.
428 1972 543 2017 Huic
563 1971 850 2035 respondetur
875 1989 885 2015 z
910 1970 979 2015 Sic
1001 1970 1187 2014 dicimus
1207 1987 1291 2014 non
1311 1970 1437 2016 licere
1451 1972 1542 2018 1136-

166 2045 310 2092 reticis
331 2042 569 2105 baptizare,
597 2042 820 2106 quomodo
844 2040 1030 2086 dicimus
1055 2057 1140 2084 non
1161 2039 1287 2084 licere
1318 2039 1545 2087 fraudato-

167 2115 289 2160 ribus
309 2113 561 2176 baptizare?
587 2113 685 2157 Non
710 2112 822 2156 enim
848 2110 1057 2155 haeretico
1086 2120 1272 2159 tantum,
1296 2109 1366 2154 sed
1391 2128 1549 2172 pecca-

170 2183 409 2243 toriinquit
428 2183 566 2226 Deus:
592 2201 612 2223 (ι
639 2182 696 2225 Ut
725 2180 833 2243 quid
861 2196 1030 2224 enarras
1052 2178 1384 2237 justificationes
1419 2198 1549 2236 meas,

170 2276 191 2297 »
216 2264 257 2299 et
286 2251 464 2297 assumis
494 2261 795 2296 testamentum
831 2266 972 2294 meum
1008 2265 1084 2311 per
1125 2265 1169 2292 os
1196 2253 1347 2294 tuum)
1375 2272 1394 2291 »
1433 2252 1548 2299 Huic

171 2326 321 2387 utique
339 2322 468 2367 dixit:
487 2342 504 2362 α
522 2322 568 2367 Si
588 2321 762 2367 videbas
773 2321 924 2371 suren,
942 2319 1231 2364 concurrebas
1254 2319 1326 2365 ei2.
1343 2344 1358 2360 υ
1372 2321 1444 2377 Qu
1459 2336 1516 2368 int
1535 2346 1560 2375 0

173 2412 272 2453 ergo
290 2392 349 2437 illi
371 2395 553 2454 pejores,
579 2393 656 2455 qui
676 2409 761 2436 non
783 2408 881 2436 cuni
924 2389 985 2434 fu·
1000 2389 1097 2434 ibus
1121 2390 1457 2447 concurrebant,
1478 2396 1548 2441 sed

182 2465 250 2530 psi
278 2461 440 2508 fundos
463 2461 709 2508 insidiosius
736 2461 968 2508 fraudibus
985 2460 1213 2523 rapiebant
1242 2478 1252 2504 ε
1279 2461 1351 2506 sed
1382 2480 1466 2509 non
1497 2466 1556 2511 eis

182 2532 479 2581 concurrebat
489 2533 737 2597 Cyprianus
751 2533 951 2596 quamvis
964 2548 1033 2577 cos
1049 2533 1095 2577 in
1109 2530 1326 2580 catholica
1345 2545 1480 2594 segete
1497 2547 1567 2583 to-

239 2619 364 2650 ¹Joan.
390 2627 417 2654 1,
436 2616 673 2650 33.-‘2Psal.
691 2628 778 2657 xmx,
801 2617 854 2651 16.

1355 2669 1430 2717 28.
