1894 3154
357 258 450 313 416
775 269 809 299 ε.
851 267 1094 298 AUGUSTINI
1129 267 1331 298 EPIscom

355 335 553 381 »lavatio
570 337 660 394 ejus
677 331 696 362 1
716 335 734 378 ἶ)
755 353 774 374 n
809 332 941 390 Quod
964 333 1115 396 utique
1151 333 1204 378 de
1236 333 1305 379 his
1334 333 1410 398 qui
1435 334 1491 380 ab
1514 335 1730 382 haereticis

354 409 628 467 tinguuntur,
648 414 690 450 et
705 403 757 449 de
774 403 1072 463 tinguentibus
1085 403 1294 467 loquitur.
1316 405 1361 450 Si
1378 405 1491 450 enim
1512 408 1587 469 qui
1609 407 1729 470 apud

352 478 447 523 illos
477 477 785 540 baptizantur,
832 492 911 537 per
933 474 1228 521 remissionem
1271 487 1552 538 peccatorum
1594 479 1730 523 vitam

353 560 558 595 aeternam
594 555 948 608 consequuntur,
976 561 1054 589 cur
1084 544 1138 589 ad
1169 544 1407 590 Ecclesiam
1432 547 1640 594 veniunt?
1684 548 1730 593 Si

353 636 453 665 vero
477 636 498 663 a
525 628 696 662 mortuo
723 615 870 660 salutis
902 614 1016 660 nihil
1040 614 1275 678 accipitur,
1297 633 1347 661 ac
1374 627 1606 679 propterea
1625 635 1732 678 cog—

350 690 442 734 nito
463 706 604 734 errore
626 686 829 751 pristino,
858 685 912 731 ad
937 685 1161 731 veritatem
1186 703 1286 731 cum
1308 688 1568 749 poenitentia
1588 706 1728 734 rever-

351 770 504 805 tuntur
520 779 530 814 3
546 776 632 804 uno
651 757 772 803 vitali
788 756 1067 820 baptismate,
1089 757 1210 821 quod
1230 757 1275 802 in
1298 757 1489 804 Ecclesia
1512 760 1728 805 catholica

350 841 427 885 est,
453 829 715 876 sanctificari
740 827 979 874 debebunt.

411 901 567 948 LXVI.
603 899 722 957 Quid
750 899 804 944 sit
832 917 855 944 a
879 909 1049 944 mortuo
1085 898 1320 961 baptizari,
1348 900 1436 944 sine
1460 900 1726 963 praejudicio

348 971 627 1032 diligentioris
650 969 840 1030 ejusdem
860 970 1102 1032 Scripturae
1124 969 1500 1028 considerationis,
1518 971 1727 1031 alibijam

347 1042 532 1087 diximus
547 1043 580 1089 2.
624 1042 786 1098 Quaero
823 1051 966 1086 autem
1004 1057 1081 1085 cur
1107 1040 1335 1086 haereticos
1360 1041 1468 1086 solos
1504 1042 1637 1088 velint
1654 1043 1727 1088 in-

346 1112 478 1175 telligi
498 1123 707 1168 mortuos,
742 1128 842 1157 cum
863 1111 1024 1156 Paulus
1045 1111 1264 1174 apostolus
1290 1112 1542 1171 generaliter
1558 1112 1611 1157 de
1625 1130 1726 1176 pec-

346 1194 441 1228 cato
465 1183 621 1230 dixerit
645 1200 656 1227 ε
681 1181 997 1245 «Stipendium
1033 1182 1203 1245 peccati
1228 1199 1342 1227 mors
1364 1182 1397 1230 3.
1419 1204 1439 1224 >2
1471 1182 1721 1237 Etiterum3

344 1274 364 1293 «
391 1254 550 1316 Sapere
571 1263 713 1298 autem
751 1251 990 1298 secundum
1028 1269 1201 1297 carnem
1230 1269 1346 1297 mors
1369 1263 1431 1298 est
1452 1251 1484 1299 4.
1508 1274 1528 1293 »
1543 1253 1596 1298 Et
1620 1270 1720 1299 cum

342 1334 559 1368 mortuam
582 1323 700 1368 dicat
722 1322 920 1377 viduam,
942 1338 1040 1384 quae
1065 1322 1109 1366 in
1129 1322 1294 1367 deliciis
1311 1322 1419 1367 vivit
1439 1322 1474 1377 5,
1500 1323 1722 1385 quomodo

341 1411 429 1439 non
453 1405 551 1439 sunt
575 1394 764 1449 mortui,
788 1393 865 1456 qui
889 1392 1049 1438 saeculo
1069 1393 1213 1438 verbis
1237 1403 1279 1438 et
1298 1409 1385 1437 non
1409 1391 1534 1438 factis
1557 1411 1723 1439 renun—

340 1464 480 1509 tiant?
505 1464 625 1520 Quid
653 1481 752 1523 ergo
775 1463 953 1526 proficit
976 1462 1135 1508 lavatio
1156 1466 1246 1522 eJ'us
1266 1463 1342 1526 qui
1367 1462 1421 1507 ab
1445 1462 1534 1507 istis
1568 1463 1722 1526 bapti-

342 1546 464 1580 zatur
486 1553 496 1579 :
519 1535 599 1580 nisi
622 1535 724 1598 quia
751 1546 792 1579 et
817 1534 907 1596 ipse
931 1534 965 1578 si
990 1533 1085 1578 talis
1108 1544 1169 1578 est
1194 1533 1413 1578 lavacrum
1430 1532 1609 1596 quidem
1631 1534 1718 1579 ha-

336 1604 428 1659 bet,
452 1604 525 1650 sed
548 1622 635 1650 non
659 1605 695 1649 ei
720 1604 898 1668 proficit
922 1603 977 1649 ad
1001 1603 1214 1649 salutem?
1248 1603 1293 1648 Si
1324 1616 1468 1649 autem
1493 1603 1564 1649 ille
1587 1621 1608 1648 a
1631 1621 1718 1667 quo

335 1675 586 1739 baptizatur
623 1675 719 1720 talis
748 1686 826 1730 θεῖ,
863 1675 939 1720 iste
962 1691 1061 1720 vero
1091 1692 1179 1720 non
1205 1674 1311 1719 falso
1337 1674 1467 1719 corde
1495 1674 1547 1720 ad
1573 1678 1715 1720 Deum

336 1746 622 1801 convertitur,
641 1763 729 1791 non
748 1744 889 1790 abillo
901 1755 1072 1790 mortuo
1088 1745 1354 1808 baptizatur,
1379 1744 1448 1790 sed
1465 1744 1604 1790 abillo
1618 1746 1716 1791 vivo

335 1815 388 1861 de
413 1834 501 1881 quo
529 1817 697 1862 dictum
721 1828 782 1862 θεῖ
805 1837 816 1871 ;
838 1838 858 1858 (ε
883 1817 981 1879 Ipse
1000 1826 1078 1871 θεῖ,
1101 1815 1177 1878 qui
1196 1815 1417 1878 baptizat6
1440 1835 1451 1869 ;
1476 1815 1712 1878 »quolibet

333 1888 618 1950 corporaliter
640 1898 844 1950 operante
867 1887 1074 1948 baptizet.
1105 1885 1238 1942 Quod
1259 1896 1402 1931 autem
1428 1885 1488 1931 ait
1508 1885 1560 1931 de
1575 1886 1713 1932 haere-

333 1956 428 2002 ticis
456 1975 466 2002 ε
492 1979 511 1999 α
538 1957 709 2002 sienim
726 1958 801 2019 qui
826 1957 945 2019 apud
963 1956 1058 2001 illos
1083 1956 1379 2018 baptizantur,
1401 1972 1481 2018 per
1501 1956 1713 2001 remissio-

331 2044 427 2072 nem
453 2038 734 2091 peccatorum
763 2026 896 2072 vitam
932 2036 1137 2070 aeternam
1171 2035 1526 2086 consequuntur,
1554 2041 1633 2070 cur
1657 2026 1711 2071 ad

333 2098 570 2144 Ecclesiam
598 2098 810 2143 veniunt?
829 2119 848 2138 ›>
872 2095 1183 2160 Respondctur
1206 2113 1216 2140 ε
1247 2094 1349 2140 Ideo
1384 2095 1583 2150 veniunt,
1607 2096 1710 2158 quia

328 2169 494 2214 etiamsi
519 2169 682 2214 Christi
701 2167 970 2231 baptismum
995 2183 1129 2229 usque
1150 2165 1205 2211 ad
1232 2165 1491 2211 sacramenti
1514 2165 1708 2211 celebra-

327 2239 488 2285 tionem
507 2251 815 2304 perceperunt,
843 2249 986 2284 tamen
1009 2237 1143 2284 vitam
1171 2247 1377 2282 aeternam
1404 2236 1484 2282 nisi
1507 2253 1585 2299 per
1607 2236 1708 2281 uni-

327 2310 424 2355 tatis
442 2311 698 2356 charitatem
712 2327 800 2356 non
817 2318 1143 2373 consequuntur
1161 2324 1170 2351 :
1192 2307 1304 2352 sicut
1328 2306 1483 2351 necilli
1499 2305 1703 2351 malevoli

325 2389 368 2425 et
385 2381 540 2437 invidi,
567 2382 727 2444 quibus
765 2398 854 2426 non
887 2379 1211 2425 dimitterentur
1240 2387 1440 2440 peccata,
1466 2393 1547 2422 nec
1563 2376 1597 2421 si
1623 2375 1704 2422 ad-

324 2466 470 2498 versus
489 2469 558 2497 eos
573 2452 724 2500 odium
747 2461 942 2497 tenerent
976 2468 999 2496 a
1016 2449 1177 2514 quibus
1195 2457 1449 2512 paterentur
1467 2447 1698 2507 injuriam:

371 2546 383 2569 ¹
403 2547 500 2581 Eccli.
515 2559 625 2588 xxxrv,
645 2551 696 2588 30,
710 2548 805 2593 juxta
821 2559 897 2582 Lxx.
917 2565 962 2572 —
977 2546 992 2569 2
1010 2547 1080 2579 Lib.
1103 2558 1136 2579 2.
1156 2550 1268 2578 contra
1285 2542 1545 2586 Parmeuianum,
1560 2553 1627 2586 cap.
1646 2553 1697 2577 xo.

322 2615 368 2624 —
386 2595 401 2623 3
418 2602 514 2637 Rom.
529 2611 574 2645 vx,
593 2603 650 2648 ²:3-
664 2620 708 2628 --
726 2599 898 2638 ⁴1d.vm‚
915 2601 949 2635 6.
966 2598 1036 2627 -==-⁵
1055 2611 1067 2630 1
1088 2598 1173 2635 Tim.
1193 2608 1223 2641 r,
1247 2598 1282 2633 6.
1301 2613 1343 2621 -
1364 2594 1379 2620 ⁶
1396 2598 1493 2644 Joan,
1521 2606 1552 2640 1,
1571 2597 1628 2628 33.
