1894 3154
293 231 386 290 458
493 250 496 254 ·
699 248 733 276 s.
776 245 1017 276 AUGUSTINI
1053 244 1257 275 EPISCOPI

292 315 441 371 torius,
468 315 629 378 quibus
646 332 687 360 se
705 318 798 374 jam
822 316 867 360 in
891 314 1165 378 praeteritum
1187 313 1389 373 indignos
1410 331 1432 358 a
1450 313 1669 359 catholica

294 385 484 431 Ecclesia
499 385 790 431 dissentiendo
809 385 1004 431 fecerunt
1024 406 1035 439 3
1059 401 1139 430 nec
1158 394 1297 429 tamen
1318 383 1666 439 contumeliosas,

293 455 366 501 sed
387 456 591 517 pacificas
614 475 624 501 ε
655 466 701 501 ut
727 457 955 502 nobiscum
984 455 1223 518 quaestione
1243 454 1450 510 discussa,
1479 471 1579 517 quae
1614 454 1671 500 il-

294 525 358 572 los
379 527 434 572 ab
454 528 571 572 orbis
598 539 809 573 terrarum
829 537 974 572 sancta
991 526 1296 570 communione
1323 525 1511 587 disrupit
1525 562 1535 580 ,
1562 542 1671 570 con-

295 597 476 642 siderata
513 599 691 643 veritate
725 597 883 656 corrigi
918 595 1100 649 vellent3
1135 612 1212 640 nec
1250 599 1464 655 majorum
1498 612 1672 640 suorum

297 667 531 712 animosam
552 667 872 730 perversitatem
899 666 1138 729 pertinacia
1158 665 1354 710 stultiore
1371 664 1668 721 defenderent,

297 736 369 782 sed
386 737 439 782 ad
465 736 657 784 fructum
683 737 908 783 charitatis
942 736 1080 781 radici
1110 735 1341 781 catholicae
1370 734 1666 782 redderentur.

298 806 381 852 Sed
406 808 612 870 quoniam
639 808 847 871 scriptum
875 817 936 851 est
960 825 969 851 :
995 829 1014 847 «
1036 807 1150 851 Cum
1175 806 1244 850 his
1271 805 1347 868 qui
1371 805 1557 849 oderunt
1590 823 1673 868 pa·—

298 893 431 922 »cem
456 915 467 934 ,
507 895 622 923 eram
659 879 869 941 pacificus
893 877 910 905 ‘1
938 895 947 921 :
983 899 1002 918 ›>
1028 877 1087 922 ita
1127 876 1190 921 illi
1226 886 1486 938 respuerunt
1516 875 1676 920 litteras

297 965 430 1004 meas,
451 949 561 993 sicut
576 949 713 1012 ipsam
736 966 908 1012 pacem,
937 948 1008 993 cui
1030 964 1106 1010 per
1123 964 1190 991 eas
1211 945 1540 1001 consulebatur,
1569 946 1677 991 ode—

299 1030 416 1064 runt.
445 1020 573 1065 Nunc
599 1037 696 1064 vero
721 1036 819 1065 cum
847 1036 975 1064 essem
1001 1019 1045 1063 in
1069 1018 1248 1063 ecclesia
1273 1017 1640 1062 Constantiniensi
1662 1053 1672 1072 ,

300 1089 510 1134 Absentio
530 1090 547 1117 2
568 1100 796 1152 praesente,
822 1100 864 1134 et
882 1089 1045 1147 collega
1066 1105 1161 1132 meo
1187 1088 1427 1131 Fortunato
1448 1090 1537 1146 ejus
1555 1086 1673 1149 epis-

301 1175 430 1222 copo,
458 1160 714 1205 obtulerunt
738 1159 847 1204 mihi
870 1159 1022 1204 fratres
1045 1157 1282 1221 Epistolam
1304 1194 1314 1212 ‚
1343 1174 1475 1219 quam
1503 1156 1556 1201 ad
1580 1173 1679 1201 suos

300 1230 576 1292 presbyteros
592 1228 781 1289 ejusdem
815 1229 1059 1275 schismatis
1082 1228 1340 1290 episcopum
1367 1226 1532 1271 dedisse
1555 1225 1674 1271 dice-

301 1300 437 1355 bant,
467 1301 580 1345 sicut
614 1299 864 1345 earumdem
899 1316 1071 1362 quoque
1106 1299 1350 1343 litterarum
1376 1296 1679 1359 praetendebat

299 1368 541 1431 inscriptio,
574 1370 716 1425 Quam
743 1387 844 1414 cum
877 1369 1088 1428 legissem,
1124 1368 1181 1413 ita
1207 1368 1385 1412 miratus
1409 1384 1503 1413 sum
1520 1404 1530 1420 ‚
1556 1366 1675 1430 quod

300 1439 451 1501 primis
477 1439 620 1495 verbis
639 1440 724 1484 suis
748 1450 879 1484 totam
901 1439 1036 1501 partis
1060 1455 1148 1483 suae
1172 1438 1523 1482 communionem
1553 1436 1675 1482 radi-

301 1508 411 1553 citus
444 1509 711 1571 amputavit‚
747 1520 795 1554 ut
818 1509 977 1554 nollem
1012 1508 1185 1553 credere
1220 1507 1337 1552 illius
1378 1507 1569 1551 hominis
1593 1524 1678 1552 esse

299 1578 462 1624 litteras
483 1615 493 1633 ,
532 1596 660 1642 quem
696 1579 800 1624 solet
836 1579 949 1624 fama
984 1577 1256 1641 praedicare,
1310 1576 1429 1640 quod
1469 1577 1579 1628 inter
1610 1594 1679 1621 eos

301 1648 502 1694 doctrina
528 1660 656 1712 atque
682 1650 887 1695 facundia
921 1650 1101 1694 maxime
1139 1647 1329 1694 excellat.
1375 1647 1458 1692 Sed
1486 1647 1588 1710 quia
1613 1664 1679 1692 me

301 1717 465 1779 legente
490 1714 668 1765 aderant
694 1712 892 1784 quidam,
924 1721 1001 1783 qui
1022 1720 1112 1779 ejus
1130 1718 1336 1764 sermonis
1358 1718 1524 1763 cultum
1546 1723 1680 1764 orna—

303 1801 481 1852 tumque
500 1802 824 1850 cognoscerent,
864 1790 973 1836 mihi
997 1789 1254 1853 persuadere
1278 1799 1514 1852 coeperunt
1536 1789 1680 1833 onini-

301 1877 358 1905 no
376 1864 468 1919 ejus
490 1878 575 1905 esse
599 1861 708 1906 illud
727 1862 965 1924 eloquium.
1000 1863 1091 1920 ligo
1117 1872 1260 1905 tamen
1285 1859 1520 1918 cujuslibet
1543 1869 1647 1903 esset
1666 1896 1676 1914 ‚

301 1929 585 1975 refellendum
607 1932 758 1993 putavi
774 1967 784 1983 ,
820 1948 872 1975 ne
898 1931 1093 1994 quisquis
1117 1948 1165 1975 ea
1191 1930 1388 1992 scripsit,
1416 1928 1578 1992 aliquid
1599 1928 1681 1973 sibi

303 1999 422 2063 apud
462 2000 686 2063 imperitos
730 2001 938 2047 adversus
981 2000 1256 2046 Catholicam
1298 2000 1514 2062 scripsisse
1556 1998 1681 2044 vide-

302 2081 434 2117 retur.

370 2142 430 2187 ΙΙ.
457 2141 552 2186 Hoc
572 2158 671 2201 ergo
703 2141 775 2186 ille
796 2142 990 2204 primum
1017 2141 1060 2186 in
1087 2140 1284 2204 Epistola
1307 2157 1382 2186 sua
1409 2140 1578 2204 posuit,
1609 2139 1680 2184 di-

305 2228 403 2256 cens
427 2229 437 2255 :
468 2232 486 2251 «
513 2212 643 2267 Quod
669 2212 727 2256 eis
753 2212 1011 2271 objiciamus
1029 2212 1097 2256 bis
1118 2212 1355 2274 baptisma,
1383 2211 1459 2274 qui
1489 2210 1570 2255 sub
1599 2227 1682 2255 no·-

306 2281 420 2326 miue
444 2281 654 2344 baptismi
680 2282 841 2327 animas
874 2293 1040 2327 nostras
1074 2299 1145 2327 reo
1172 2282 1344 2327 lavacro
1377 2281 1629 2344 polluimus
1663 2302 1682 2321 n

303 2351 422 2406 Quid
445 2362 584 2396 autem
608 2351 785 2414 prodest
810 2353 954 2397 onmia
987 2355 1078 2411 ejus
1101 2352 1418 2397 contumeliosa
1443 2352 1574 2396 verba
1611 2368 1681 2396 re-

303 2425 470 2466 texere)
498 2423 604 2467 Nam
626 2424 829 2485 quoniam
850 2423 962 2468 aliud
993 2434 1052 2468 est
1071 2423 1330 2468 documenta
1351 2423 1541 2475 firmare,
1563 2421 1680 2467 aliud

297 2492 528 2538 maledicta
551 2492 784 2538 refellendo
811 2504 1023 2548 tractare3
1067 2494 1177 2540 illud
1208 2494 1354 2556 potius
1380 2492 1678 2549 attendamus,

348 2575 358 2598 ¹
379 2575 458 2609 Psal¹
480 2586 570 2615 cxix,
592 2587 622 2615 7.
636 2593 679 2598 —
699 2574 713 2597 2
731 2578 824 2608 Forte
841 2577 971 2620 Alypio.
