1894 3154
574 305 630 335 DE
664 303 919 346 TniNirArE,
955 305 1042 335 Lus.
1085 305 1178 336 xlv.
1510 293 1569 337 25

208 395 228 415 »
248 373 412 420 tuum1.
437 394 458 416 ›:
483 372 554 417 Sic
570 371 714 434 itaque
734 370 911 416 condita
925 380 987 416 est
1009 387 1129 416 mens
1148 371 1343 416 humana
1361 407 1371 424 ,
1397 382 1445 415 ut
1462 388 1572 416 nuu-

206 461 338 507 quam
370 445 436 490 sui
467 440 554 488 rion
578 441 845 495 meminerit,
884 457 1108 503 nunquam
1136 457 1178 485 se
1208 457 1296 485 non
1328 440 1568 500 intelligat,

207 530 431 576 nunquam
449 530 490 558 se
515 529 602 557 non
625 510 789 570 diligat.
823 510 908 555 Sed
926 511 1134 573 quoniam
1153 511 1229 573 qui
1246 509 1338 555 odit
1357 510 1543 573 aliquem
1558 547 1570 565 ,

206 600 358 628 nocere
373 583 436 629 illi
454 582 619 635 studet3
635 598 723 626 non
737 581 953 627 immerito
968 591 1011 626 et
1026 598 1145 626 mens
1157 580 1349 626 bominis
1366 617 1378 636 ,
1396 579 1573 644 quando

206 652 453 709 sibinocet,
474 652 611 698 odisse
631 668 672 696 se
691 650 867 697 dicitur.
888 650 1089 696 Nesciens
1108 649 1222 695 enim
1236 650 1318 695 sibi
1335 649 1429 696 vult
1442 649 1570 705 male,

207 722 312 767 dum
336 740 425 768 non
453 732 582 786 putat
611 720 695 765 sibi
721 721 869 765 obesse
895 719 1015 784 quod
1042 719 1137 765 vult
1164 736 1174 764 ε
1205 718 1278 764 sed
1298 729 1442 764 tamen
1463 718 1575 764 male

206 793 288 838 sibi
316 793 433 849 Vult,
472 791 648 856 quando
683 791 730 836 id
765 791 860 836 vult
882 789 1002 853 quod
1035 790 1150 835 obsit
1177 789 1287 844 sibi3
1326 789 1441 834 unde
1463 788 1576 834 illud

207 863 420 927 scriptum
451 873 545 908 est:
585 882 605 903 <c
631 861 717 918 Qui
749 861 892 920 diligit
924 860 1225 923 iniquitatem,
1263 858 1357 904 odit
1389 859 1577 904 animam

206 955 227 975 >2
246 934 410 979 suam2.
438 954 458 974 »
487 932 575 989 Qui
592 948 691 990 ergo
712 948 753 976 se
775 931 949 989 diligere
969 930 1114 985 novit,
1137 931 1277 974 Deum
1302 929 1443 988 diligit
1464 945 1474 972 ε
1501 927 1578 990 qui

207 1018 310 1047 vero
330 1019 417 1046 non
443 1001 585 1060 diligit
604 1002 744 1044 Deum
763 1036 773 1053 ,
796 999 963 1045 etiamsi
983 1015 1024 1044 se
1052 997 1192 1057 diligit
1210 1035 1221 1054 ,
1243 996 1362 1061 quod
1387 998 1425 1042 ei
1445 1007 1577 1042 natu-

206 1070 350 1116 raliter
369 1070 557 1116 inditum
583 1080 672 1125 est,
709 1079 850 1113 tamen
878 1085 965 1114 non
995 1067 1348 1113 inconvenienter
1376 1066 1513 1111 odisse
1537 1083 1579 1111 se

206 1140 394 1196 dicitur,
430 1157 529 1185 cum
553 1139 599 1184 id
627 1139 713 1199 agit
739 1138 858 1201 quod
882 1138 966 1183 sibi
993 1137 1268 1191 adversatur,
1300 1146 1342 1181 et
1369 1153 1410 1181 se
1432 1135 1577 1198 ipsum

208 1220 416 1273 tanquam
434 1226 534 1254 suus
552 1209 752 1254 inimicus
771 1208 1025 1271 insequitur.
1054 1207 1143 1263 Qui
1158 1205 1352 1269 profecto
1377 1216 1438 1250 est
1458 1222 1578 1250 error

207 1280 476 1336 horrendus,
514 1289 562 1324 ut
592 1295 693 1324 cum
730 1278 814 1323 sibi
846 1294 993 1323 omnes
1026 1277 1228 1340 prodesse
1264 1275 1424 1331 velint,
1450 1274 1580 1320 multi

206 1367 295 1396 non
319 1350 481 1396 faciant
499 1349 583 1394 uisi
605 1348 725 1412 quod
758 1348 815 1393 eis
838 1348 1251 1411 perniciosissimum
1282 1347 1348 1392 sit.
1386 1344 1578 1390 Similem

207 1421 411 1467 morbum
433 1431 654 1466 mutorum
678 1419 930 1465 animalium
954 1436 1056 1465 cum
1074 1420 1214 1465 Poeta
1231 1417 1495 1463 describeret
1514 1433 1525 1461 ε

347 1534 401 1565 Dii
417 1534 562 1576 (inquit)
578 1534 709 1565 meliora
724 1532 796 1576 piis,
818 1543 1023 1575 erroremque
1040 1531 1184 1563 hostibus
1202 1531 1290 1562 illum
1302 1527 1328 1563 3.

208 1620 416 1667 Discissos
447 1620 577 1665 nudis
606 1619 833 1665 laniabant
858 1618 1062 1663 dentibus
1095 1628 1226 1663 artus.
1259 1616 1373 1661 Cum
1399 1614 1577 1660 morbus

208 1691 278 1736 ille
301 1691 495 1753 corporis
518 1689 675 1744 fuerit,
708 1706 786 1734 cur
820 1689 927 1734 dixit
957 1704 1142 1733 errorem
1162 1724 1174 1743 ,
1210 1686 1291 1731 nisi
1316 1685 1419 1749 quia
1451 1701 1578 1729 omne

210 1760 369 1806 animal
396 1777 495 1805 cum
528 1759 612 1804 sibi
639 1770 792 1804 natura
819 1758 1097 1804 conciliatum
1121 1757 1198 1811 sit,
1225 1767 1274 1802 ut
1298 1773 1339 1801 se
1364 1755 1579 1801 custodiat

209 1841 423 1893 quantum
442 1840 607 1893 potest,
630 1828 726 1874 talis
747 1829 818 1874 ille
835 1840 925 1874 erat
944 1828 1121 1873 morbus
1135 1865 1147 1883 ,
1172 1837 1220 1873 ut
1236 1843 1284 1872 ea
1308 1842 1496 1890 quorum
1516 1842 1579 1870 sa-

207 1901 342 1946 lutem
367 1901 662 1964 appetebant,
701 1917 776 1945 sua
801 1899 998 1945 membra
1025 1898 1267 1944 laniarent?
1298 1898 1410 1942 Cum
1436 1906 1579 1942 autem

210 1973 351 2017 Deum
369 1970 510 2030 diligit
525 1986 662 2026 menS,
682 1980 724 2015 et
744 1970 856 2015 sicut
872 1969 1040 2015 dictum
1059 1979 1144 2024 est,
1165 1977 1477 2030 consequenter
1489 1969 1580 2025 ejus

210 2041 430 2097 meminit,
472 2056 657 2103 eumque
693 2039 917 2100 intelligit,
954 2049 1069 2085 recte
1097 2038 1162 2084 illi
1195 2038 1248 2083 de
1276 2037 1472 2101 proximo
1503 2053 1579 2082 suo

207 2112 487 2176 praecipitur,
509 2121 557 2156 ut
572 2126 673 2155 eum
690 2111 800 2156 sicut
817 2128 858 2156 se
875 2109 1039 2170 diligat.
1063 2110 1089 2154 J
1094 2126 1160 2154 am
1184 2108 1299 2154 enim
1316 2126 1357 2153 se
1375 2124 1463 2152 non
1480 2106 1579 2152 dili-

211 2183 272 2243 git
293 2198 489 2245 perverse
504 2218 515 2237 ,
546 2180 618 2226 sed
642 2192 755 2226 recte
775 2219 785 2236 ‚
813 2198 914 2227 cum
942 2182 1080 2225 Deum
1104 2178 1268 2238 diligit,
1290 2181 1414 2237 cujus
1437 2177 1580 2240 parti-

211 2253 426 2316 cipatione
450 2252 592 2310 imago
611 2251 684 2296 illa
703 2268 791 2296 non
808 2252 945 2298 solum
965 2262 1048 2306 est,
1069 2249 1350 2296 verumetiam
1371 2266 1420 2293 ex
1441 2257 1581 2293 vetus-

211 2333 296 2368 tate
315 2332 548 2367 renovatur
564 2358 575 2377 ,
602 2338 649 2365 ex
669 2320 939 2366 deformitate
955 2320 1214 2366 reformatur
1231 2356 1243 2375 ,
1264 2336 1313 2364 ex
1331 2317 1581 2363 infelicitate

210 2394 499 2440 beatificatur.
536 2391 748 2448 Quamvis
774 2393 887 2437 enim
912 2409 953 2436 se
976 2391 1036 2436 ita
1061 2389 1214 2449 diligat
1231 2427 1242 2446 ,
1282 2399 1331 2434 ut
1355 2389 1388 2433 si
1419 2388 1582 2434 alteru-

213 2475 328 2509 trum
350 2472 624 2526 proponatur
639 2498 649 2518 ,
676 2462 800 2507 malit
826 2462 969 2507 onmia
989 2477 1088 2524 quae
1111 2459 1224 2505 infra
1242 2476 1284 2504 se
1313 2459 1454 2518 diligit
1478 2475 1582 2522 per-

213 2534 312 2580 dere
330 2570 342 2590 ,
380 2549 511 2596 quam
548 2532 688 2595 perire
712 2550 722 2576 ε
759 2543 903 2578 tamen
939 2531 1203 2596 superiorem
1239 2528 1473 2575 deserendo
1485 2567 1501 2593 ,V
1526 2528 1580 2575 ad

262 2617 450 2655 ¹Deut.v1,
467 2617 498 2650 5.
517 2632 560 2638 -
579 2614 594 2637 ²
609 2616 689 2658 Psal.
706 2626 739 2659 x,
759 2617 792 2650 6.
807 2633 852 2639 -—
868 2614 881 2639 ³
898 2615 986 2658 virg,
1007 2617 1202 2658 Georg.111‚
1221 2623 1300 2646 vers.
1321 2614 1400 2648 513.
