1894 3154
272 291 326 320 nu
364 290 582 320 narrisno
620 289 793 318 CON'tltA
830 289 1123 330 υοΝΑΤιεΤΑε,
1164 293 1252 322 ιη’».
1294 294 1324 322 1.
1420 279 1515 340 257

140 355 223 401 viri
257 356 322 401 sui
343 373 353 400 :
381 355 497 416 (sive
515 353 567 399 de
587 370 629 398 se
645 390 655 409 ‚
682 353 767 399 sive
802 353 855 399 de
887 354 1056 401 ancilla.
1078 354 1094 415 )
1126 355 1211 400 Sed
1235 366 1278 401 et
1317 358 1432 402 Esau
1457 357 1513 403 de

142 442 269 470 uxore
288 436 428 479 natus,
455 434 632 486 propter
654 423 886 468 fraternam
907 423 1169 490 discordiam
1196 435 1417 487 separatus
1448 436 1511 472 est

112 489 119 498 ’
142 512 164 538 a
185 494 353 557 populo
372 493 449 538 Dei
467 492 500 539 ’1.
532 494 585 537 Et
606 494 709 538 Aser
732 509 810 555 per
833 493 973 538 uxoris
994 494 1172 556 quidem
1192 503 1448 556 potestatem
1468 495 1505 550 2,

141 563 213 609 sed
243 580 288 608 ex
312 563 467 609 ancilla
498 573 623 608 natus
638 599 648 619 ‚
669 573 847 626 propter
865 562 1101 608 fraternam
1121 563 1398 611 concordiam
1423 575 1512 609 ter-

141 651 232 678 ram
266 633 560 696 promissionis
587 634 767 696 accepit.
806 633 931 678 Unde
951 643 991 678 et
1016 633 1190 679 lsmaeli
1211 633 1246 691 3,
1271 644 1317 679 ut
1335 643 1513 698 separa-

141 713 258 748 retur
278 721 299 748 a
318 703 486 766 populo
506 704 602 759 Dei,
635 720 722 748 non
742 703 886 749 obfuit
910 714 1045 749 mater
1064 703 1244 760 ancilla,
1268 703 1344 750 sed
1373 704 1518 751 obfuit

155 783 325 818 raterna
349 772 566 819 discordia
596 791 606 818 :
634 784 675 818 et
693 790 780 819 non
807 773 976 837 profuit
993 783 1181 836 potestas
1202 774 1360 831 uxoris,
1386 778 1512 835 cujus

142 843 276 902 magis
302 843 414 888 filius
448 853 554 899 erat,
582 843 684 906 quia
709 860 787 906 per
816 843 952 906 ipsius
972 847 1075 902 jura
1115 843 1360 903 conjugalia
1395 837 1516 889 et⁴in

143 912 299 958 ancilla
320 913 552 958 seminatus
576 923 683 968 erat,
705 925 746 958 et
769 931 816 958 ex
834 913 991 958 ancilla
1002 923 1239 975 susceptus.
1264 913 1388 961 Sicut
1399 913 1519 976 apud

141 980 244 1027 istos
264 981 577 1041 Ecclesiaejure
590 982 709 1045 quod
729 993 790 1027 est
809 983 852 1027 in
872 983 1114 1045 baptist
1148 992 1387 1028 nascuntur
1415 984 1524 1045 qui-

143 1068 331 1114 cumque
349 1063 586 1103 nascuntur
606 1072 618 1105 ;
639 1052 710 1097 sed
730 1052 763 1097 si
789 1051 1054 1099 concordent
1073 1068 1172 1097 cum
1196 1050 1421 1108 fratribus,
1445 1070 1524 1116 per

145 1121 353 1166 unitatem
377 1122 496 1184 pacis
530 1122 584 1167 ad
612 1133 767 1167 terram
788 1123 967 1168 veniunt
993 1121 1290 1184 promissionis
1308 1158 1319 1178 ‚
1355 1139 1445 1168 non
1467 1122 1521 1169 de

144 1201 337 1236 materno
356 1202 477 1237 utero
503 1209 649 1237 rursus
662 1191 879 1251 ejiciendi,
906 1192 978 1237 sed
998 1192 1043 1237 in
1061 1201 1246 1254 paterno
1266 1192 1425 1238 semine
1449 1210 1519 1253 ag-

143 1261 349 1306 noscendi
374 1279 384 1306 :
411 1263 442 1306 si
462 1273 606 1307 autem
629 1262 675 1307 in
691 1262 907 1307 discordia
928 1271 1215 1325 perseverent,
1245 1262 1299 1306 ad
1325 1263 1520 1309 ismaelis

143 1330 390 1376 funiculum
417 1331 716 1394 pertinebunt.
747 1332 873 1376 Prior
903 1343 1048 1377 autem
1075 1331 1158 1376 suit
1177 1331 1354 1387 lsma'el,
1375 1344 1524 1395 postea

145 1401 287 1455 Isaac3
311 1411 352 1446 et
378 1401 500 1464 prior
531 1401 661 1457 Esau,
688 1401 899 1463 posterior
928 1411 1072 1446 autem
1104 1400 1247 1445 Jacob
1269 1418 1280 1446 ε
1302 1418 1392 1447 non
1413 1403 1517 1466 quia

141 1470 264 1533 prior
280 1470 449 1534 peperit
470 1470 643 1516 haeresis
662 1487 796 1534 quam
836 1470 1026 1516 Ecclesia
1046 1506 1056 1525 ‚
1085 1480 1161 1515 aut
1202 1470 1391 1517 Ecclesia
1423 1474 1519 1536 ipsa

143 1541 264 1603 prius
283 1541 473 1586 carnales
494 1541 561 1586 vel
576 1540 793 1593 animales,
819 1551 860 1586 et
883 1551 1031 1604 postea
1056 1540 1292 1602 spiritales3
1321 1541 1394 1587 sed
1413 1544 1518 1605 quia

143 1612 189 1657 in
214 1611 307 1674 ipsa
334 1622 445 1656 sorte
463 1609 735 1656 mortalitatis
759 1621 936 1665 nostrae,
960 1627 1008 1655 ex
1023 1626 1112 1672 quo
1136 1609 1189 1655 de
1208 1610 1346 1656 Adam
1374 1614 1525 1659 nasci-⁴

145 1698 243 1727 mur
259 1719 270 1738 ‚
314 1698 403 1727 non
424 1692 485 1726 est
509 1681 632 1744 prius
666 1680 785 1743 quod
808 1680 1023 1743 spiritale,
1056 1680 1131 1725 sed
1153 1680 1274 1744 quod
1307 1683 1513 1740 animale,

144 1762 291 1814 postea
311 1751 501 1813 spiritale
516 1750 547 1797 4.
571 1751 630 1795 Ex
645 1751 739 1814 ipso
756 1761 898 1795 autem
913 1749 1086 1796 animali
1101 1767 1241 1807 sensu,
1260 1752 1364 1815 quia
1382 1752 1521 1804 homo,

146 1821 341 1867 animalis
366 1838 452 1866 non
475 1821 662 1883 percipit
685 1837 784 1882 quae
807 1830 906 1865 sunt
931 1819 1120 1882 Spiritus
1145 1820 1241 1877 Dei,
1264 1838 1410 1869 omnes
1429 1823 1515 1869 dis-

143 1891 354 1935 sensiones
379 1901 420 1936 et
444 1890 676 1935 schismata
695 1900 955 1947 generantur
979 1889 1011 1935 5.
1045 1890 1097 1933 ln
1115 1905 1203 1952 quo
1221 1906 1346 1936 sensu
1365 1905 1523 1954 perse-„

141 1971 335 2006 verantes
357 1960 589 2023 Apostolus
607 1959 714 2004 dicit
727 1959 780 2004 ad
794 1959 924 2004 Vetus
941 1960 1263 2005 Testamentum
1281 1962 1520 2023 perti11e1·e‚.

142 2029 187 2074 id
206 2041 285 2085 est,
325 2029 377 2075 ad
408 2041 671 2074 terrenorum
695 2032 1007 2091 promissorum
1045 2029 1331 2091 cupiditatem
1351 2031 1395 2077 in
1420 2034 1516 2095 qui-

141 2100 225 2144 bus
248 2099 425 2162 quidem
446 2098 656 2162 spiritalia
681 2101 943 2158 figurantur,
971 2098 1042 2143 sed
1062 2099 1258 2144 aninmlis
1273 2100 1407 2147 homo
1427 2117 1516 2149 non'

141 2169 332 2231 percipit
353 2185 453 2231 quae
469 2179 569 2213 sunt
592 2169 779 2231 Spiritus
798 2169 892 2214 Dei.

207 2239 366 2284 xxiv.
398 2238 689 2301 Quocumque
716 2255 815 2297 ergo
843 2249 1034 2300 tempore
1073 2237 1174 2282 tales
1199 2237 1395 2286 homines
1427 2257 1515 2289 esse

143 2317 373 2370 coeperunt
395 2308 439 2352 in
455 2307 537 2354 hac
559 2308 665 2363 vita,
691 2318 740 2352 ut
751 2311 842 2366 jam
863 2307 1019 2352 divinis
1038 2324 1118 2369 pro
1142 2307 1399 2356 saeculorum
1420 2312 1513 2358 dis-

143 2378 380 2423 tributione
413 2378 688 2423 sacramentis
712 2378 897 2432 imbuti,
942 2375 1088 2422 adhuc
1120 2387 1264 2423 tamen
1286 2382 1516 2430 carnaliter

142 2447 329 2511 sapiant,
357 2459 400 2493 et
424 2448 612 2493 carnalia
642 2447 696 2493 de
725 2448 816 2492 Deo
833 2482 844 2502 ,
885 2446 971 2492 sive
995 2445 1043 2490 in
1081 2446 1168 2492 hac
1191 2446 1277 2494 vita
1303 2449 1390 2496 sive
1413 2467 1515 2515 post

191 2545 202 2566 ¹
220 2548 303 2579 Gen.
326 2556 401 2584 xxv,
421 2547 476 2578 25.
493 2561 540 2569 -—
561 2544 642 2577 21d.
670 2556 745 2586 xxx,
769 2547 822 2579 13.
838 2562 882 2570 —
896 2541 978 2578 31d.
1003 2541 1231 2584 xu,16.—⁴
1260 2556 1275 2577 1
1295 2536 1373 2582 Cor.
1387 2545 1440 2589 inv,
1459 2552 1519 2589 46,

157 2596 217 2623 ——5
233 2598 268 2630 Id
300 2609 335 2637 ιι,
353 2604 403 2636 ’,4,
417 2604 446 2629 ct
465 2599 569 2631 Galat.
586 2610 630 2630 iv.

310 2665 391 2696 cxx
400 2666 526 2697 xviii.
1337 2668 1352 2698 1
1368 2669 1391 2715 7
