1894 3154
4 1141 7 1186 i

5 1191 9 1253 l

7 1256 9 1272 Α

5 1421 7 1436 .

319 284 374 315 DE
412 283 632 315 BAPTISMO
669 285 843 315 CONTRA
878 283 1169 328 DONArlsTAs,
1205 286 1294 318 mn.
1333 287 1416 318 vn.
1487 272 1580 328 425

205 443 262 452 §.mu
271 440 772 451 =ms=x=sw=susvvsusmm
781 440 837 450 ινδ
845 439 1158 451 *summu-‚mm-
1167 441 1579 455 mmm-§umumm

747 560 927 604 LIBER
963 559 1063 607 VII.

206 696 262 738 In
295 711 377 751 quo
406 707 568 737 eceterae
602 696 826 737 sententioe
857 694 1048 737 Concilli
1086 694 1453 754 Cartlzaginenst's
1478 709 1579 751 per-

756 770 1021 802 tractantur.

269 911 303 957 I.
347 910 447 955 Nox
481 909 613 955 simus
638 910 806 955 molesti
840 910 1104 970 legentibus,
1140 909 1172 954 si
1199 909 1347 954 eadem
1380 909 1497 954 varie
1532 926 1582 955 ac

204 997 317 1043 saepe
354 979 614 1025 disserimus.
662 982 923 1043 Quanquam
963 980 1081 1025 enim
1131 979 1325 1024 Ecclesia
1364 978 1581 1024 catholica

203 1061 349 1095 sancta
382 1051 427 1095 in
462 1050 665 1095 omnibus
700 1051 899 1109 gentibus
934 1049 1137 1095 adversus
1173 1066 1219 1094 ea
1240 1086 1250 1104 ‚
1296 1064 1395 1111 quae
1425 1049 1469 1093 in
1504 1049 1583 1093 ista

203 1121 440 1183 quaestione
453 1119 506 1165 de
520 1120 759 1182 baptismo,
784 1132 931 1166 utrum
948 1131 990 1165 et
1005 1120 1123 1183 apud
1141 1119 1372 1165 haereticos
1391 1129 1431 1163 et
1451 1118 1585 1164 schis-

203 1190 382 1235 matiCos
406 1190 519 1235 idern
542 1191 678 1252 possit
697 1208 782 1235 esse
801 1191 876 1254 qui
905 1201 966 1236 est
985 1191 1029 1236 in
1051 1189 1302 1244 catholica,
1325 1188 1582 1234 nonnullam

204 1260 431 1320 caliginem
471 1261 732 1316 offundunt,
768 1262 925 1323 priscae
960 1259 1287 1306 consuetudinis
1321 1270 1362 1304 et
1400 1258 1585 1322 plenarii

204 1330 377 1375 concilii
400 1330 656 1375 auctoritate
682 1331 848 1375 munita
870 1330 922 1375 sit
945 1349 955 1375 ;
985 1341 1127 1376 tamen
1149 1330 1253 1393 quia
1275 1346 1361 1374 non
1384 1339 1584 1374 contem-

202 1400 354 1445 nendis
392 1400 521 1455 viris,
559 1411 600 1445 et
639 1401 820 1445 maxime
852 1400 1076 1464 Cypriano
1101 1400 1146 1445 in
1179 1400 1274 1462 ipsa
1307 1398 1471 1444 unitate
1500 1397 1583 1443 ali-

205 1471 382 1533 quando
401 1471 520 1515 aliter
545 1471 681 1515 visum
704 1482 765 1516 est
780 1508 789 1523 ,
815 1475 939 1530 cujus
964 1472 1026 1516 uti
1048 1471 1275 1516 adversum
1298 1486 1375 1514 nos
1396 1468 1583 1514 auctori-

203 1551 289 1586 tate
314 1551 553 1595 conantur,
582 1541 658 1603 qui
680 1541 807 1600 longe
828 1541 884 1586 ab
908 1545 1000 1600 ejus
1024 1541 1235 1586 charitate
1265 1539 1419 1584 remoti
1443 1549 1542 1583 sunt
1567 1556 1577 1583 ε

200 1621 431 1674 propterea
459 1610 656 1670 cogimur
680 1628 726 1655 ex
754 1612 1082 1674 opportunitate
1115 1609 1331 1655 tractandi
1363 1619 1403 1653 et
1436 1608 1581 1653 consi-

201 1681 381 1726 derandi
411 1681 579 1736 omnia,
609 1698 709 1744 quae
735 1681 780 1725 in
805 1685 896 1741 ejus
920 1681 1105 1726 concilio
1140 1680 1192 1725 de
1219 1680 1303 1725 hac
1329 1696 1372 1724 re
1398 1678 1580 1723 litteris-

200 1769 284 1815 que
316 1753 633 1815 comperimus,
665 1752 780 1797 hanc
811 1752 1005 1797 eamdem
1038 1752 1324 1816 quaestionem
1360 1749 1579 1812 aliquanto

202 1823 598 1885 diutius-tanquam
622 1823 666 1868 in
692 1824 893 1869 manibus
924 1841 1090 1869 versare
1109 1860 1119 1878 ‚
1143 1833 1184 1867 et
1210 1820 1431 1867 ostendere
1449 1837 1580 1884 quam

203 1893 343 1938 verius
362 1893 628 1938 universitati
656 1892 860 1938 Ecclesiae
887 1893 1119 1938 catholicae
1147 1891 1387 1955 placuerit,
1417 1901 1464 1935 ut
1483 1890 1583 1935 hae-

200 1963 323 2008 retici
354 1962 422 2008 vel
448 1962 717 2008 schismatici
747 1964 824 2026 qui
856 1965 946 2024 jam
988 1962 1155 2008 Christi
1188 1961 1458 2024 baptismum
1493 1959 1583 2005 illic

202 2033 318 2078 unde
340 2033 519 2079 veniunt
543 2044 826 2096 acceperunt,
859 2034 905 2079 in
938 2033 1203 2079 catholicam
1229 2031 1583 2077 communionem

202 2120 304 2148 cum
327 2103 402 2148 illo
430 2103 742 2159 admittantur,
767 2105 820 2148 ab
840 2120 982 2148 errore
1007 2120 1084 2148 suo
1109 2100 1293 2147 correcti
1314 2137 1324 2156 ‚
1354 2100 1398 2144 in
1431 2098 1582 2144 chari-

202 2184 287 2219 tate
309 2173 494 2218 radicati
524 2184 651 2236 atque
670 2173 866 2227 fundati3
890 2184 936 2219 ut
959 2173 1080 2236 quod
1113 2172 1262 2218 attinet
1296 2170 1350 2215 ad
1372 2169 1583 2232 baptismi

202 2253 543 2298 sacramentum,
574 2260 661 2288 non
692 2242 802 2288 adsit
832 2242 952 2306 quod
983 2242 1157 2297 deerat,
1191 2241 1264 2286 sed
1295 2239 1432 2302 prosit
1460 2237 1581 2302 quod

202 2314 354 2359 inerat.
386 2314 442 2358 Et
466 2313 619 2358 heatus
647 2314 896 2376 Cyprianus
925 2312 1102 2376 quidem
1123 2316 1214 2372 jam
1247 2327 1430 2373 corpore
1461 2307 1582 2372 quod

203 2384 501 2447 corrumpitur
531 2402 618 2429 non
649 2395 908 2445 aggravante
949 2384 1136 2429 animam
1157 2420 1167 2438 ,
1200 2399 1279 2427 nec
1310 2381 1581 2443 deprimente

203 2465 368 2499 terrena
390 2454 709 2500 inhabitatione
732 2471 901 2499 sensum
921 2453 1057 2499 multa
1076 2452 1340 2513 cogitantem
1356 2487 1367 2507 ,
1392 2450 1586 2495 serenius

203 2524 413 2587 perspicit
435 2524 681 2580 veritatem,
710 2541 843 2588 quam
875 2524 1035 2570 meruit
1062 2523 1245 2587 adipisci
1277 2538 1355 2586 per
1383 2520 1582 2566 charita-

205 2605 304 2641 tem.
338 2595 525 2656 Adjuvet
545 2595 691 2659 itaque
711 2613 788 2641 nos
808 2596 1079 2642 orationibus
1112 2595 1198 2642 suis
1229 2594 1274 2640 in
1295 2592 1417 2640 istius
1442 2589 1582 2638 carnis
