1894 3154
340 231 394 259 DE
433 227 653 259 BArTlsuo
689 228 859 260 CONTRA
900 228 1190 269 DONATlsTAs‚
1230 231 1317 262 Lm.
1359 232 1390 263 1.
1488 216 1575 266 261

210 293 283 339 siae
303 310 411 357 pace
438 301 690 356 patesceret,
717 302 758 335 et
781 308 869 336 non
899 291 1036 337 solum
1057 292 1173 340 illius
1199 295 1408 357 temporis
1433 296 1590 341 Chris-

213 363 354 418 tianis,
382 361 600 413 sedetiam
627 361 808 423 posteris
834 360 888 405 ad
913 361 1230 419 medicinalem,
1268 374 1316 408 ut
1342 365 1402 410 ita
1421 364 1584 423 dicam,

210 433 405 478 notitiam
429 432 679 492 signaretur.
712 430 823 476 Cum
837 431 949 479 enim
968 431 1078 477 tanti
1098 432 1256 488 meriti,
1281 443 1419 479 tantae
1435 434 1591 480 Eccle-

211 503 301 558 siae,
333 502 440 547 tanti
470 501 660 564 pectoris
677 538 688 557 ‚
725 500 833 546 tanti
852 501 953 557 oris,
984 511 1115 546 tantae
1138 502 1311 552 virtutis
1332 503 1562 567 episcopus
1578 541 1590 561 ,

211 570 329 622 aliud
360 571 413 616 de
445 571 664 634 baptismo
701 570 1007 625 arbitraretur,
1048 588 1180 634 quam
1217 583 1306 617 erat
1341 572 1591 632 diligentius

208 640 412 703 inquisita
440 642 595 685 veritas
610 638 850 696 firmatura,
873 640 1088 703 multique
1108 644 1198 700 ejus
1219 641 1412 702 collegae,
1429 659 1591 706 quam-

211 711 270 755 vis
287 707 482 755 nondum
496 710 666 774 liquido
683 710 1022 766 manifestatum,
1046 711 1090 756 id
1107 722 1250 761 tamen
1264 722 1456 758 tenerent
1469 711 1589 776 quod

208 791 250 825 et
271 782 492 842 praeterita
512 780 717 826 Ecclesiae
739 781 1028 836 consuetudo,
1058 791 1100 825 et
1124 791 1275 844 postea
1300 792 1416 828 totus
1435 782 1588 827 catho-

208 849 317 895 licus
341 850 458 895 orbis
491 848 711 913 amplexus
733 860 794 894 est
816 867 826 894 ε
851 868 935 895 non
961 867 1002 895 se
1028 849 1098 895 ille
1118 861 1261 896 tamen
1282 869 1305 896 a
1327 851 1492 897 caeteris
1515 850 1589 897 di-

209 937 328 965 versa
346 920 627 966 sentientibus
652 931 846 983 separata
866 921 1172 966 communione
1196 920 1420 980 disjunxit,
1444 932 1486 967 et
1498 921 1586 967 hoc

209 989 336 1034 etiam
360 990 525 1035 caeteris
550 989 807 1052 persuadere
836 1008 922 1035 non
945 990 1123 1046 destitit,
1144 1001 1193 1036 ut
1212 992 1440 1036 sufferrent
1462 990 1582 1037 invi-

208 1075 299 1103 cem
324 1058 368 1103 in
396 1059 626 1105 dilectione
642 1097 651 1114 ‚
678 1059 894 1105 studentes
918 1078 1084 1106 servare
1106 1061 1314 1106 unitatem
1336 1060 1513 1124 spiritus
1542 1061 1588 1107 in

208 1128 384 1174 vinculo
404 1129 523 1192 pacis
545 1129 578 1176 1.
609 1130 676 1175 Ita
695 1130 808 1174 enim
831 1131 1027 1193 eorporis
1051 1141 1253 1176 manente
1283 1148 1508 1194 compage,
1551 1130 1586 1177 si

208 1198 317 1262 quid
338 1198 392 1244 inv
410 1197 673 1262 quibusdam
698 1200 904 1245 membris
928 1200 1252 1257 infirmabatur,
1276 1217 1323 1245 ex
1343 1217 1492 1246 eorum
1520 1218 1591 1246 sa-

206 1269 341 1326 nitate
365 1268 679 1314 convalesceret
706 1270 871 1332 potius,
904 1287 1034 1332 quam
1063 1270 1325 1333 praecisione
1346 1271 1591 1316 mortifica-

210 1348 301 1383 tum
319 1337 582 1397 diligentiam
600 1338 761 1384 nullius
781 1339 1016 1384 curationis
1037 1338 1296 1386 admitteret.
1325 1340 1382 1385 Et
1403 1340 1435 1385 si
1457 1357 1500 1385 se
1522 1339 1594 1385 ille

208 1419 458 1471 separasset,
498 1425 629 1471 quam
667 1410 794 1455 multi
818 1413 1129 1473 sequerentur?
1156 1421 1371 1473 quantum
1404 1410 1487 1456 sibi
1514 1427 1591 1456 no-

209 1496 305 1524 men
321 1479 432 1523 inter
444 1479 641 1524 homines
652 1479 836 1526 faceret?
859 1497 991 1544 quam
1003 1480 1130 1526 latius
1146 1481 1437 1544 Cyprianistae
1453 1496 1586 1544 quam

211 1549 447 1593 Donatistae
470 1553 756 1594 vocarentur)
783 1550 855 1594 sed
879 1568 966 1595 non
985 1551 1207 1596 eratfilius
1226 1550 1503 1614 perditionis,
1529 1550 1584 1596 de

209 1618 413 1682 qualibus
424 1619 588 1663 dictum
602 1630 662 1664 est
680 1637 689 1664 :
712 1641 730 1660 α
745 1620 947 1679 Dejecisti
963 1638 1031 1665 eos
1052 1621 1159 1666 dum
1177 1620 1482 1666 extollerentur
1496 1621 1538 1666 5³:
1559 1641 1580 1663 »

210 1688 280 1733 sed
303 1699 392 1733 erat
416 1688 530 1733 filius
549 1690 667 1752 pacis
698 1689 916 1744 Eccstsiae,
946 1690 1022 1752 qui
1048 1701 1167 1735 tanta
1186 1690 1328 1736 cordis
1356 1690 1583 1736 illumina-

213 1760 324 1803 tione
341 1758 571 1821 1)raeclit11s‚
594 1770 820 1822 propterea
848 1776 935 1804 non
971 1759 1081 1805 vidit
1107 1760 1289 1823 aliquid,
1318 1771 1366 1806 ut
1385 1778 1462 1824 per
1483 1778 1583 1806 eum

210 1827 327 1873 aliud
348 1829 711 1890 superminentius
730 1829 962 1875 videretur.
990 1831 1043 1881 Et
1062 1829 1208 1875 adhuc
1227 1830 1371 1893 inquit
1399 1832 1584 1894 Aposto-

209 1898 292 1951 lus,
317 1898 769 1961 supereminentiorem
793 1899 906 1944 viam
931 1899 1054 1944 vobis
1071 1899 1349 1944 demonstro:
1373 1899 1403 1944 si
1426 1899 1585 1959 linguis

211 1968 439 2013 hominum
464 1968 636 2031 loquar,
665 1979 704 2013 et
730 1968 1010 2028 Angelorum,
1037 1969 1296 2015 charitatem
1330 1980 1472 2015 autem
1496 1987 1584 2015 non

210 2038 415 2092 habeam,
441 2037 579 2083 factus
602 2055 694 2083 sum
708 2049 1002 2105 'aeramentum
1042 2056 1197 2084 sonans
1234 2050 1308 2084 aut
1330 2040 1584 2102 cymbalum

211 2105 393 2153 tinniens
409 2107 440 2154 3.
471 2108 616 2153 Minus
638 2125 736 2168 ergo
757 2109 829 2154 ille
852 2108 1113 2171 penetravit,
1144 2119 1192 2153 ut
1230 2119 1422 2154 cerneret
1441 2125 1584 2154 secre-

214 2191 303 2224 tum
323 2178 520 2224 abditum
537 2181 791 2224 sacramenti
814 2198 824 2224 ε
846 2179 917 2225 sed
940 2179 973 2225 si
989 2180 1123 2224 sciens
1136 2179 1281 2224 omnia
1297 2189 1582 2234 sacramenta,

211 2248 469 2293 charitatem
494 2266 581 2293 non
601 2249 807 2305 liaberet,
838 2249 951 2295 nihil
988 2260 1107 2295 esset.
1142 2271 1162 2291 c<
1184 2249 1296 2295 Cum
1319 2259 1463 2294 autem
1498 2249 1587 2294 mi·-

211 2335 291 2362 nus
310 2317 416 2363 illud
436 2318 717 2381 perspiciens,
742 2320 857 2365 hauc
874 2330 1014 2363 tamen
1029 2319 1272 2373 humiliter,
1289 2318 1486 2373 fideliter,
1504 2318 1591 2364 for-

212 2388 310 2432 titer
337 2388 589 2442 custodivit,
619 2389 670 2433 ad
695 2389 890 2452 martyrii
917 2405 1123 2434 coronam
1147 2390 1306 2434 meruit
1331 2388 1598 2452 pervenire:-

212 2468 259 2501 ut
279 2457 311 2501 si
336 2474 420 2520 qua
441 2457 482 2501 in
504 2461 592 2516 qius
618 2457 808 2504 lucidam
833 2468 1017 2502 mentem
1048 2476 1095 2504 ex
1125 2458 1321 2504 humana
1340 2458 1592 2504 conditione

261 2538 405 2580 lelws,
433 2550 475 2573 iv,
494 2551 525 2570 9..
548 2538 620 2563 2—‘2
638 2541 712 2570 t'sal
731 2552 834 2572 7XXH,
861 2542 909 2570 18.
930 2555 975 2563 --
993 2537 1006 2561 3
1029 2553 1038 2571 ι
1065 2544 1138 2575 Cor.
1162 2554 1222 2585 ‚1111>
1244 2544 1297 2578 31,
1317 2547 1438 2580 etxtit,
1457 2551 1488 2576 ι,
