1894 3154
331 233 425 289 434
754 248 788 277 5.
831 246 1074 276 mausum
1108 245 1313 276 EP1scoP1

327 312 444 358 idem
459 312 549 374 ipse
562 309 670 355 inter
683 308 864 369 collegas
884 321 1093 373 raptores,
1115 319 1257 355 tamen
1271 307 1577 373 baptizatores,
1596 325 1697 356 cum

327 399 481 442 magna
502 380 738 427 tolerantiae
762 380 956 427 mercede
970 391 1174 428 versatur.

391 453 535 498 XXII.
575 451 841 514 Pomponius
861 470 883 496 a
913 451 1181 515 Dionysiana
1211 450 1318 496 dixit
1344 468 1355 496 ε
1380 472 1400 491 «
1419 449 1696 502 Manifestum

326 533 387 568 est
407 522 635 568 haereticos
662 539 749 566 non
769 538 890 584 posse
916 522 1140 583 baptizare
1160 558 1171 576 ,
1198 533 1238 567 et
1271 521 1562 569 remissionem
1589 539 1698 585 pec-

326 604 522 639 catorum
543 592 662 646 dare,
687 591 759 654 qui
777 601 1027 653 potestatem
1054 608 1141 636 non
1161 590 1343 647 habent,
1369 601 1418 636 ut
1440 601 1512 636 aut
1536 591 1698 643 solvere

326 664 545 721 autligare
568 661 732 724 aliquid
758 661 802 705 in
828 661 950 706 terris
972 661 1150 723 possint.

389 734 560 780 xxttl.
590 729 922 794 Respondetur:
950 732 1076 776 Hanc
1093 741 1346 795 potestatem
1366 749 1445 777 nec
1462 732 1698 779 homicidae

321 803 506 859 habent,
532 803 576 849 id
600 813 679 856 est,
707 803 782 864 qui
817 801 1004 847 oderunt
1039 801 1205 849 fratres.
1258 803 1354 847 tN‘on
1381 802 1494 847 enim
1540 802 1699 848 talibus

323 873 490 920 dictum
515 884 601 918 est:
626 894 645 913 α
670 872 714 917 Si
733 872 803 918 cui
827 871 1072 917 dimiseritis
1106 883 1300 936 peccata,
1327 872 1603 917 dimittentur
1633 872 1695 927 εἰς

323 966 345 987 »
374 945 409 991 si
435 944 507 989 cui
527 943 763 997 tenueritis,
790 943 1054 988 tenebuntur
1071 942 1103 989 1.
1129 966 1147 984 ι,
1166 944 1221 988 Et
1244 954 1387 989 tamen
1412 943 1638 1005 baptizant
1656 953 1699 988 et

319 1031 389 1061 eos
414 1015 459 1060 in
481 1013 629 1059 eadem
653 1013 864 1076 baptismi
881 1013 1187 1059 communione
1206 1024 1247 1059 et
1273 1013 1434 1059 Paulus
1456 1013 1625 1069 tolerat,
1655 1023 1698 1058 et

323 1084 570 1146 Cyprianus
596 1083 803 1142 agnoscit.

386 1153 548 1199 XMV.
573 1153 809 1199 Venantius
833 1170 856 1196 a
883 1152 1030 1196 Tinisa
1050 1151 1190 1197 dixit:
1214 1174 1234 1193 (ι
1262 1152 1307 1197 Si
1331 1152 1511 1197 maritus
1525 1169 1697 1214 peregre

320 1223 618 1293 proficiscens,
648 1222 786 1267 amico
805 1239 881 1267 suo
909 1221 1251 1267 commendasset
1269 1239 1438 1267 uxorem
1455 1238 1574 1266 suam
1595 1238 1698 1266 cus-

320 1293 590 1349 todiendam,
610 1291 956 1338 commendatam
982 1292 1065 1336 sibi
1082 1292 1153 1337 ille
1172 1304 1333 1354 quanta
1353 1303 1494 1355 posset
1510 1291 1698 1351 diligen-

320 1367 379 1410 tia
413 1374 706 1419 conservaret,
736 1380 787 1408 ne
826 1363 880 1408 ab
909 1362 1052 1425 aliquo
1089 1363 1261 1407 castitas
1296 1367 1386 1421 ejus
1424 1372 1465 1407 et
1496 1362 1697 1407 sanctitas

323 1435 639 1480 adulteraretur
659 1452 669 1479 :
702 1433 904 1478 Christus
939 1431 1152 1476 Dominus
1175 1443 1217 1477 et
1238 1434 1351 1478 Deus
1374 1442 1517 1476 noster
1537 1431 1591 1476 ad
1618 1436 1698 1477 t‘a-

321 1514 431 1549 trem
464 1503 769 1567 proficiscens,
798 1518 998 1564 sponsam
1026 1517 1146 1545 suam
1183 1501 1310 1545 nobis
1345 1500 1693 1556 commendavit,

320 1584 544 1619 utrum-ne
570 1590 665 1618 eam
707 1572 1007 1634 incorruptam
1032 1581 1072 1615 et
1112 1570 1362 1616 inviolatam
1408 1569 1693 1626 custodimus,

322 1662 374 1689 an
398 1644 683 1703 integritatem
709 1646 799 1702 ejus
827 1653 868 1687 et
889 1641 1130 1687 castitatem
1163 1641 1355 1686 moechis
1370 1651 1412 1685 et
1431 1641 1697 1704 corruptori-

319 1714 403 1760 bus
446 1714 700 1777 prodimus'?
724 1713 810 1768 Qui
835 1712 948 1758 enim
974 1712 1191 1775 baptisma
1227 1711 1430 1761 Ecclesiae
1469 1727 1698 1757 commune

320 1802 419 1830 cum
445 1785 662 1830 haeroticis
679 1783 801 1838 facit,
831 1800 1030 1846 sponsam
1054 1783 1219 1828 Christi
1248 1782 1452 1828 adulteris
1468 1781 1631 1845 prodit.

383 1856 520 1901 XXV.
550 1854 879 1917 Respondemus
907 1871 917 1898 :
941 1853 1060 1908 Quid
1093 1853 1153 1898 illi
1173 1854 1247 1916 qui
1271 1870 1371 1898 cum
1400 1852 1693 1915 baptizantur,

317 1924 464 1978 labiis,
489 1941 575 1969 non
591 1923 721 1968 corde
738 1933 1054 1967 convertuntur
1068 1922 1122 1966 ad
1142 1923 1395 1977 Dominum,
1415 1939 1558 1967 nonne
1576 1921 1699 1966 adul-

319 1995 501 2039 terinam
528 2004 713 2038 mentem
733 1995 916 2051 gerunt?
947 1992 1098 2036 Nonne
1131 1991 1215 2054 ipsi
1253 2003 1354 2036 sunt
1390 1992 1535 2036 saeculi
1558 1990 1698 2036 dilec-

321 2075 452 2119 tores,
481 2065 551 2109 cui
575 2081 661 2108 non
685 2062 835 2116 factis,
857 2061 930 2106 sed
957 2062 1102 2107 verbis
1124 2062 1497 2115 Γθιιιιῐιῑίιιιρΐιιιιῐ,
1524 2071 1565 2105 et
1601 2060 1697 2106 ideo

320 2144 615 2196 corrumpunt
648 2149 785 2177 mores
819 2133 955 2176 bonos
984 2148 1063 2193 per
1085 2130 1301 2193 colloquia
1337 2130 1446 2175 mala
1472 2130 1693 2175 dicentes:

319 2228 340 2247 α
368 2204 685 2251 Manducemus
723 2213 765 2247 et
798 2203 1026 2255 bibamus,
1053 2219 1146 2246 cras
1173 2203 1287 2246 enim
1318 2201 1611 2246 moritmur2.
1601 2204 1652 2237 D·
1642 2218 1652 2244 :
1677 2221 1696 2241 >2

320 2276 473 2321 Nonne
509 2275 635 2319 etiam
677 2283 827 2319 contra
863 2273 965 2318 istos
991 2271 1104 2331 51011
1098 2282 1185 2316 ult
1228 2289 1366 2317 sermo
1400 2271 1692 2334 Apostolicus,

320 2346 396 2391 ubi
423 2345 556 2390 dicit:
582 2366 601 2386 c<
626 2345 776 2389 Timeo
813 2354 956 2388 autem
983 2360 1035 2388 ne
1036 2308 1165 2388 ἶ,5ἰςι1ῐ
1185 2360 1359 2405 serpens
1384 2344 1512 2386 livam
1533 2341 1697 2386 seduxit

319 2436 341 2458 >2
362 2416 513 2461 astutia
528 2433 620 2471 sua,
643 2415 702 2460 sic
719 2425 760 2460 et
777 2425 927 2460 vestrae
942 2425 1104 2459 mentes
1118 2423 1489 2476 corrumpantura
1502 2412 1696 2457 castitate

317 2506 340 2529 >2
360 2503 458 2551 quae
473 2497 534 2531 est
557 2485 602 2530 in
629 2485 806 2531 Christo
832 2484 880 2531 3?
905 2506 924 2526 »
947 2486 1060 2530 Cum
1077 2501 1175 2544 ergo
1192 2484 1355 2529 Christi
1372 2482 1593 2548 baptisma
1614 2484 1696 2545 Cy·

364 2570 378 2596 ¹
395 2573 494 2607 Joan.
510 2581 564 2611 xx,
584 2571 639 2604 23.
660 2589 700 2595 -
716 2568 731 2592 2
750 2582 762 2603 1
780 2572 855 2606 Cor.
872 2581 922 2610 xv,
937 2571 993 2603 32.
1010 2588 1051 2598 -ι
1073 2567 1088 2594 3
1107 2580 1125 2603 2
1143 2571 1216 2604 Cor.
1231 2580 1278 2609 xx,
1298 2571 1329 2602 3.
