1894 3154
339 216 425 266 130
753 235 789 264 S.
833 234 1076 265 AUGUSTIM
1112 233 1316 264 EPISCOP1

326 310 472 364 partes
494 310 630 346 essent
665 299 711 345 in
736 299 907 357 Africa,
935 317 1045 357 una,
1077 300 1309 363 inquiunt,
1338 297 1622 353 traditorum,
1664 308 1706 343 et

331 369 463 416 altera
488 369 784 416 innocentium
801 407 812 426 ,
835 369 1063 415 traditores
1088 370 1170 415 sibi
1196 386 1327 432 quam
1346 368 1596 414 innocentes
1623 366 1706 411 ad-

323 443 506 500 jssngere
540 440 799 486 maluerunt.
825 462 844 481 ›>
884 441 996 497 Quae
1042 458 1130 485 una
1169 439 1413 485 criminatio
1459 437 1708 484 brevissime

321 521 458 574 atque
475 511 690 557 verissime
706 511 766 555 ita
786 510 1011 566 refellitur,
1028 511 1131 573 quia
1155 527 1255 555 cum
1268 509 1376 554 duas
1399 519 1542 572 partes
1560 506 1709 552 audis-

329 591 423 626 sent
445 597 530 625 esse
550 581 596 626 in
623 579 784 635 Africa,
810 597 941 625 unam
980 580 1258 635 traditorum,
1296 579 1473 624 alteram
1495 578 1709 623 innocen-

330 650 441 695 tium
455 687 467 706 ‚
494 667 586 695 eam
624 650 899 695 innocentem
937 667 1023 695 esse
1059 649 1362 705 crediderunt,
1400 665 1501 711 quae
1535 663 1709 693 causam

329 735 449 764 suam
471 719 590 782 apud
609 719 774 765 vicinos
793 719 1102 765 ecclesiasticos
1111 719 1280 779 judices
1304 719 1566 764 obtinuerat.
1591 717 1710 773 Qua-

327 800 512 853 propter
537 789 602 834 illi
627 806 795 851 semper
816 790 1066 835 innocentes
1084 793 1359 845 manserunt‚'
1380 789 1457 852 qui
1478 788 1712 833 nescientes

327 859 702 922 quemadmodum
724 859 804 904 ista
825 859 871 904 in
899 859 1045 906 Africa
1073 870 1187 919 gesta
1211 860 1314 911 sint.
1340 859 1385 904 id
1408 869 1552 904 tamen
1568 856 1712 902 credi-

329 929 489 975 derunt
527 929 648 992 quod
673 930 857 992 pacifice
896 947 946 975 ac
978 929 1172 989 religiose
1214 929 1388 975 credere
1418 929 1664 974 debuerunt
1689 945 1713 972 a

322 1000 484 1063 quibus
507 1000 815 1046 innocentibus
836 1001 1049 1063 separatio
1084 1000 1206 1046 nullo
1246 1000 1376 1046 modo
1401 1000 1608 1045 innocens
1626 1014 1711 1044 esse

332 1081 494 1134 potuit.

396 1141 474 1186 XI.
497 1143 676 1184 Fatetur
693 1140 822 1184 etiam
842 1140 1155 1185 Parmenianus
1171 1140 1225 1185 ad
1242 1140 1483 1186 Arelatense
1495 1138 1710 1202 oppidum

332 1221 374 1257 et
397 1210 626 1273 episcopos
640 1209 809 1269 judices
829 1221 870 1255 et
892 1220 1034 1273 partes
1054 1228 1100 1255 ex
1121 1210 1266 1256 Africa
1283 1211 1549 1267 convenisse,
1576 1209 1713 1256 Caeci-

334 1280 501 1326 lianum
520 1279 682 1324 scilicet
703 1290 831 1342 atque
851 1280 1097 1325 Donatistas
1117 1301 1128 1334 3
1150 1281 1227 1326 ubi
1244 1281 1390 1326 omnia
1406 1281 1492 1326 suis
1507 1279 1710 1335 credidit,

329 1351 402 1396 cui
422 1349 531 1395 nihil
550 1349 655 1394 victi
675 1360 915 1412 potuerunt
932 1350 1013 1394 nisi
1038 1350 1090 1395 de
1106 1351 1333 1410 judicibus
1358 1350 1565 1415 conqueri
1590 1367 1600 1394 ε
1633 1366 1713 1395 nec

326 1433 472 1468 tamen
492 1431 618 1480 negat
643 1437 790 1466 rursus
810 1438 879 1466 eos
898 1420 952 1466 ad
976 1422 1314 1467 Constantinum
1337 1422 1526 1475 venisse3
1556 1431 1597 1466 et
1611 1420 1714 1484 quia

329 1492 395 1540 ibi
412 1508 586 1555 quoque
602 1491 756 1536 ultimo
768 1491 938 1551 judicio
954 1493 1145 1554 superati
1165 1503 1282 1548 sunt.
1300 1494 1428 1538 etiam
1449 1493 1593 1555 ipsum
1612 1508 1714 1551 gra-

329 1562 390 1608 tia
417 1571 675 1624 corruptum
700 1578 785 1606 esse
809 1562 1082 1608 criminatur.
1108 1563 1281 1619 Quibus
1309 1563 1448 1608 omnis
1465 1561 1713 1615 considera-

330 1634 403 1688 tis,
430 1632 610 1695 quisine
632 1631 776 1677 studio
801 1632 995 1694 partium
1012 1632 1201 1692 judicat,
1219 1633 1347 1693 eligat
1365 1633 1528 1697 quibus
1546 1631 1712 1688 credat,

333 1714 481 1750 utrum
513 1702 741 1762 judicibus
769 1703 998 1748 sententias
1022 1703 1343 1766 proferentibus
1361 1741 1372 1760 ,
1400 1722 1455 1748 an
1484 1702 1715 1762 litigatori-

335 1775 421 1821 bus
461 1783 614 1818 contra
637 1790 747 1835 quos
784 1772 967 1835 prolatae
999 1785 1128 1829 sunt.
1151 1774 1270 1820 litem
1291 1775 1414 1820 finire
1449 1773 1710 1819 nolentibus.

337 1844 464 1889 Certe
504 1842 621 1888 orbis
662 1853 876 1887 terrarum
919 1843 1146 1902 judicibus
1181 1844 1380 1891 credidit.
1439 1844 1527 1899 Qui
1572 1853 1716 1888 autem

336 1913 574 1960 Donatistis
595 1912 885 1968 consenliunt‚
908 1930 1064 1976 eosque
1084 1914 1340 1971 defendunt,
1361 1913 1551 1959 fatentur
1574 1930 1615 1957 se
1634 1912 1718 1958 illis

335 1983 509 2031 credere
537 1983 613 2046 qui
635 2000 807 2029 causam
829 2000 968 2039 suam,
993 1984 1320 2047 qualiscumque
1340 1983 1411 2029 illa
1429 1983 1610 2038 fuerint,
1629 1999 1715 2027 non

337 2063 579 2118 potuerunt
592 2063 737 2099 tamen
762 2053 807 2098 in
828 2054 1123 2100 transmarinis
1149 2065 1210 2100 tot
1232 2053 1622 2118 disceptationibus
1640 2052 1718 2097 ob-

334 2126 488 2181 tinere,
524 2135 566 2170 et
591 2140 740 2170 eorum
766 2123 968 2169 adversus
998 2125 1166 2184 judices
1207 2142 1433 2171 murmura
1462 2135 1504 2169 et
1533 2123 1717 2169 crimina

340 2195 515 2242 credula
533 2195 723 2241 vanitate
747 2195 1003 2258 suscipiunt.
1028 2196 1126 2252 Qua
1140 2197 1185 2241 in
1208 2214 1253 2241 re
1273 2197 1305 2242 si
1328 2197 1576 2241 innocentes
1593 2211 1635 2239 se
1653 2193 1718 2238 di-

341 2275 466 2321 cunt,
487 2276 528 2311 et
551 2282 620 2310 eos
641 2282 750 2327 quos
770 2276 993 2328 superatos
1008 2267 1167 2312 scimus
1185 2284 1196 2311 ε
1217 2277 1381 2329 quanto
1404 2264 1718 2311 innocentiores

274 2381 279 2383 ,
339 2346 441 2384 sunt
460 2336 536 2399 qui
560 2346 716 2382 temere
761 2335 927 2398 aliquid
963 2337 1066 2382 mali
1090 2337 1143 2382 de
1167 2337 1270 2399 ipsis
1293 2336 1519 2396 judicibus
1548 2334 1720 2380 credere

336 2407 510 2461 nolunt,
532 2405 584 2450 de
609 2406 770 2468 quibus
795 2423 962 2453 necesse
978 2418 1040 2453 est
1056 2419 1104 2453 ut
1122 2407 1198 2470 qui
1221 2407 1323 2452 victi
1335 2407 1507 2452 fuerant
1522 2421 1718 2467 conque-

333 2486 500 2524 rantur.
527 2476 623 2520 Non
650 2475 788 2520 solum
808 2477 923 2522 enim
940 2477 1018 2540 qui
1039 2478 1200 2523 bonam
1224 2493 1403 2523 causam
1427 2474 1639 2539 perdidit,
1666 2474 1720 2519 de

324 2548 484 2611 iniquo
507 2546 576 2594 vel
591 2545 718 2591 tardo
733 2545 800 2593 vel
812 2547 1045 2608 negligenti
1056 2548 1204 2608 judice
1232 2547 1429 2611 queritur
1456 2544 1559 2592 :sed
1587 2545 1720 2591 etiam

1884 396 1888 418 Δ-
1887 354 1890 363 ,
1884 316 1892 345 ,,
1884 263 1886 269 «
1884 250 1886 255 -
1883 87 1892 242 ,una-„22³⁴

1886 2616 1891 2743 !

1886 2754 1890 2793 ι

1887 2797 1890 2883 i

1887 2886 1890 2948 ἓ

1887 2952 1890 3003 ἰ
