1894 3154
277 343 332 373 DE
369 338 587 372 BAPTISMO
622 337 798 370 CONTRA
831 336 1122 379 DONArlsTAs,
1160 339 1249 373 Lm.
1290 342 1351 373 ιν.
1425 326 1517 373 335

148 407 347 453 interesse
365 423 375 450 :
395 405 468 450 ille
490 404 604 449 enim
629 406 752 467 pejor
777 413 839 449 est
859 402 936 466 qui
955 402 1086 448 etiam
1109 396 1212 448 foris
1237 404 1489 467 baptizatur
1505 444 1516 462 ,

148 495 236 524 non
251 493 299 522 eo
322 474 442 539 quod
465 474 732 537 baptizatur,
760 473 833 520 sed
861 491 910 519 eo
936 473 1056 537 quod
1078 472 1181 519 foris
1204 484 1292 528 est;
1326 487 1387 521 est
1408 477 1523 522 enim

147 548 276 593 etiam
299 545 434 609 ipsius
465 544 686 590 divisionis
716 561 796 590 nec
814 544 986 590 nullum
1013 562 1092 590 nec
1112 562 1298 607 parvum
1317 545 1483 592 malum
1506 564 1516 591 :

147 619 182 664 si
204 629 350 663 tamen
368 615 439 661 ille
464 616 542 679 qui
573 616 688 661 intus
719 615 971 678 baptizatur
993 653 1004 672 ,
1028 632 1118 660 non
1137 626 1320 679 propter
1344 616 1522 681 aliquod

145 699 362 734 terrenum
387 697 462 732 aut
479 686 715 749 temporale
735 686 1017 732 commodum
1040 686 1156 732 intus
1170 704 1256 732 esse
1272 686 1426 743 voluit,
1446 688 1520 734 sed

146 757 266 822 quod
299 757 506 802 unitatem
544 756 750 802 Ecclesiae
784 767 871 801 toto
905 757 1010 801 orbe
1035 756 1207 802 diffusae
1234 757 1518 804 schismatum

145 827 466 874 concisionibus
488 827 685 889 praetulit
703 846 714 881 3
738 825 931 890 alioquin
945 827 1072 872 etiam
1097 827 1187 889 ipse
1207 827 1318 872 inter
1333 827 1426 873 illos
1444 829 1520 892 qui

143 898 248 944 foris
266 908 366 943 sunt
393 896 670 960 deputandus
715 907 789 943 est.
819 897 1144 942 Constituamus
1169 914 1268 956 ergo
1291 897 1399 943 duos
1440 899 1520 944 ali-

146 985 254 1031 quos
273 968 354 1012 isto
375 966 524 1017 modo,
549 983 686 1011 unum
710 983 878 1021 eorum,
905 967 1028 1012 verbi
1052 966 1205 1025 gratia,
1233 966 1276 1011 id
1297 968 1452 1013 sentire
1470 969 1523 1014 de

146 1037 324 1082 Christo
352 1036 474 1100 quod
497 1036 714 1082 Photinus
746 1036 949 1098 opinatus
982 1047 1071 1092 est,
1097 1047 1138 1081 et
1172 1037 1217 1081 in
1241 1040 1331 1095 ejus
1366 1037 1521 1084 lif-eresi

142 1107 358 1170 baptizari
383 1117 498 1151 extra
522 1106 726 1151 Ecclesiae
750 1106 981 1152 catholicae
995 1106 1518 1160 communionem3alium

144 1194 245 1223 vero
262 1177 348 1222 hoc
372 1175 487 1221 idem
512 1178 684 1232 sentire,
714 1175 787 1221 sed
812 1176 858 1221 in
886 1176 1115 1222 Catholica
1135 1176 1382 1238 baptizari,
1410 1179 1519 1223 exis—

142 1247 366 1292 timantem
395 1246 535 1309 ipsam
559 1263 644 1291 esse
679 1246 943 1291 catholicam
975 1246 1121 1292 fidem.
1153 1247 1289 1291 Istum
1324 1249 1519 1294 nondum

141 1316 400 1362 haereticum
423 1315 539 1371 dico,
562 1316 644 1360 nisi
665 1315 934 1361 manifestata
958 1316 1040 1361 sibi
1062 1316 1260 1361 doctrina
1287 1318 1518 1364 catholicae

141 1385 242 1431 fidei
271 1386 461 1431 resistere
492 1384 723 1441 maluerit,
751 1396 790 1431 et
819 1385 929 1431 illud
966 1385 1087 1449 quod
1110 1386 1287 1431 tenebat
1315 1387 1516 1448 elegerit3

140 1455 259 1520 quod
284 1466 514 1517 antequam
538 1456 614 1501 fiat
637 1493 648 1512 ,
674 1455 950 1501 manifestum
976 1467 1036 1501 est
1055 1456 1180 1501 illum
1202 1457 1277 1519 qui
1296 1456 1520 1523 forisbap-

139 1527 294 1571 tizatus
316 1536 378 1571 est
401 1543 486 1571 csse
508 1530 715 1589 pejorem.
750 1527 903 1591 ltaque
928 1527 973 1572 in
992 1526 1079 1572 hoc
1102 1526 1190 1572 sola
1212 1526 1317 1573 falsa
1341 1530 1513 1592 opinio,

138 1595 184 1640 in
208 1594 283 1640 illo
319 1606 462 1640 autem
495 1595 624 1640 etiam
658 1596 752 1658 ipsa
783 1595 938 1641 divisio
966 1596 1221 1656 corrigenda
1247 1608 1340 1652 est3
1376 1600 1448 1645 sed
1471 1602 1518 1646 in

140 1675 296 1710 neutro
320 1665 515 1728 ipsorum
548 1666 804 1711 sacramenti
843 1666 999 1711 veritas
1033 1666 1280 1729 repetenda.
1317 1669 1449 1724 Quod
1483 1671 1516 1716 si

141 1734 372 1797 quisquam
394 1734 510 1780 idem
541 1735 695 1780 sentiat
709 1735 826 1798 quod
850 1735 936 1791 1111,
961 1746 1003 1781 et
1028 1753 1112 1781 csse
1129 1738 1298 1782 noverit
1317 1737 1519 1785 haeresim

142 1806 198 1850 ab
226 1806 391 1851 unitate
414 1805 633 1851 catholica
658 1817 899 1869 separatam
918 1807 996 1852 ubi
1016 1807 1101 1852 hoc
1121 1807 1303 1853 docetur
1325 1820 1367 1854 et
1390 1809 1519 1856 disci-

141 1886 230 1928 tur,
251 1876 323 1921 sed
346 1875 527 1935 alicujus
544 1876 760 1922 saecularis
783 1878 1063 1923 emolumenti
1083 1895 1211 1923 causa
1235 1878 1281 1923 in
1301 1879 1519 1926 catholica

144 1946 306 1991 unitate
339 1946 556 2008 baptizari
586 1947 772 1992 voluerit
793 1985 803 2003 ‚
831 1947 899 1992 vel
924 1948 969 1992 in
993 1964 1041 1993 ea
1065 1948 1312 2011 baptizatus
1336 1962 1520 2014 propter

142 2015 230 2061 hoc
255 2017 364 2061 exire
393 2015 493 2061 inde
529 2015 742 2062 noluerit:
768 2034 855 2062 non
880 2016 1020 2063 solum
1045 2028 1267 2080 separatus
1290 2018 1521 2066 habendus

143 2100 221 2145 cst,
247 2106 395 2134 verum
429 2089 559 2134 etiam
589 2100 710 2135 tanto
742 2090 986 2135 sceleratius
1006 2127 1017 2146 ,
1042 2101 1206 2153 quanto
1232 2092 1367 2150 magis
1389 2095 1524 2140 errori

142 2160 317 2205 haeresis
335 2170 376 2205 et
398 2159 601 2204 divisioni
625 2161 800 2206 unitatis
819 2159 1035 2206 fallaciam
1059 2159 1345 2207 simulationis
1369 2163 1524 2224 adjun-

145 2231 218 2290 git.
247 2229 546 2286 Quamobrem
565 2234 776 2294 cujusque
795 2231 984 2276 hominis
1015 2231 1223 2293 pravitas5
1251 2244 1415 2294 quanto
1441 2253 1522 2298 pe-

144 2301 370 2346 riculosior
390 2310 430 2345 et
454 2300 688 2345 tortuosior
717 2312 801 2357 est,
838 2312 959 2346 tanto
982 2301 1213 2346 instantius
1237 2312 1278 2347 et
1305 2305 1525 2366 operosius

145 2370 398 2432 corrigenda
422 2381 483 2416 est
504 2388 514 2415 ε
542 2388 622 2416 nec
644 2372 742 2417 ideo
768 2383 910 2417 tamen
931 2373 965 2417 si
982 2371 1088 2435 quid
1115 2372 1252 2417 hahet
1272 2373 1490 2434 integrum
1508 2414 1520 2434 ‚

145 2442 386 2506 praesertim
417 2458 507 2486 non
530 2458 655 2487 suum
675 2480 685 2499 ,
713 2443 786 2488 sed
818 2443 923 2499 Dei,
949 2454 1132 2506 propter
1153 2445 1414 2506 pravitatem
1437 2451 1526 2507 ejus

146 2513 215 2560 vel
238 2511 407 2559 nullum
441 2511 693 2574 putandum
716 2524 806 2569 est,
836 2513 904 2560 vel
931 2513 1082 2560 eodem
1117 2514 1248 2560 modo
1270 2515 1526 2579 vituperan-

148 2583 276 2641 dum,
296 2582 365 2630 vel
386 2585 476 2642 ejus
494 2582 702 2645 pravitati
722 2584 1025 2643 tribuendum,
1059 2602 1110 2632 ac
1138 2602 1228 2631 non
1250 2585 1364 2631 illius
1387 2586 1522 2648 larg'i-

149 2654 254 2712 tati,
280 2654 357 2719 qui
379 2653 509 2701 etiam
527 2650 762 2700 fornicanti
783 2673 805 2702 a
829 2672 871 2701 se
888 2655 1062 2713 animae,
1084 2665 1127 2702 et
1154 2656 1275 2701 eunti
1292 2667 1391 2719 post
1415 2675 1528 2706 ama-
