1894 3154
302 221 394 279 284
719 240 753 269 S.
796 239 1037 270 Ancusrlm
1073 240 1274 271 Erlscorl

296 300 485 359 admitti,
522 301 628 364 quid
665 302 784 348 aliud
809 304 1050 350 ostenditur
1072 305 1152 349 nisi
1189 321 1287 350 eum
1318 304 1538 367 baptismo
1578 321 1666 350 non

296 375 467 417 carere?
497 371 543 418 Si
559 389 657 431 ergo
680 373 926 436 Cyprianus
947 391 1056 437 quos
1085 392 1171 420 esse
1191 375 1280 420 sine
1300 375 1519 438 baptismo
1546 375 1666 419 arbi-

296 441 515 497 trabatur,
553 452 694 487 tamen
720 454 900 506 propter
930 444 1104 489 unitatis
1146 445 1372 490 vinculum
1408 444 1461 489 ad
1498 444 1669 490 veniam

300 511 514 574 pertinere
539 513 858 574 praesumebam
898 525 1051 576 potens
1089 525 1150 559 est
1170 515 1382 559 Dominus
1412 531 1490 577 per
1525 514 1670 575 ipsum

303 580 479 625 unitatis
498 581 724 626 vinculum
743 592 783 627 et
807 583 928 644 pacis
949 584 1078 627 etiam
1100 583 1376 646 rebaptizatis
1402 582 1595 645 placari,
1631 591 1672 626 et

302 647 359 693 eis
383 666 406 693 a
422 648 583 711 quibus
603 650 859 713 rebaptizati
875 662 992 707 sunt,
1014 669 1062 697 ea
1078 652 1171 714 ipsa
1189 653 1308 714 pacis
1323 651 1672 715 compensatione

302 717 546 772 mitescere,
576 728 616 762 et
641 720 781 765 omnia
809 737 909 783 quae
934 720 979 765 in
1007 738 1149 766 errore
1182 722 1485 766 commiserant
1516 719 1674 765 delicta

309 785 488 841 donare,
506 788 783 835 offerentibus
803 790 1067 835 sacrificium
1087 791 1331 847 charitatis,
1356 807 1455 854 quae
1485 789 1679 851 cooperit

306 856 633 902 multitudinem
651 871 960 921 peccatorum3
984 871 1134 905 utnon
1157 861 1351 906 attendat
1386 877 1516 922 quam
1550 857 1677 903 multi

307 942 457 971 eorum
483 926 669 974 discessu
701 930 914 975 vulnerati
953 931 1061 986 sint,
1101 931 1171 975 sed
1198 931 1491 994 quamplures
1529 944 1676 974 eorum

313 993 455 1039 reditu
473 994 659 1043 liberati.
692 999 742 1044 lu
768 1016 856 1062 quo
875 999 991 1044 enim
1017 999 1192 1045 vinculo
1223 1000 1344 1062 pacis
1368 998 1554 1044 credidit
1589 997 1680 1059 Cy-

310 1063 489 1124 prianus
506 1081 630 1126 posse
649 1084 728 1128 per
755 1068 1093 1113 misericordiam
1118 1070 1197 1114 Dei
1224 1071 1278 1114 ab
1300 1068 1503 1114 Ecclesiae
1526 1083 1681 1112 mune-

310 1131 431 1176 ribus
452 1150 538 1179 non
563 1152 751 1198 separari
773 1155 844 1183 eos
867 1155 974 1202 quos
1015 1139 1059 1185 in
1096 1139 1333 1184 Ecclesiam
1354 1139 1442 1183 sine
1462 1137 1680 1199 baptismo

314 1201 583 1249 existimabat
618 1205 840 1262 admissos,
884 1209 929 1252 in
953 1208 1102 1253 eodem
1121 1209 1297 1253 vinculo
1320 1208 1440 1271 pacis
1470 1206 1684 1252 credimus

311 1287 389 1332 per
407 1273 603 1319 eamdem
634 1276 971 1323 misericordiam
1001 1279 1079 1323 Dei
1108 1280 1258 1324 mereri
1286 1278 1452 1324 veniam
1475 1293 1596 1340 posse
1614 1291 1684 1320 re-

316 1341 574 1403 baptizatos,

374 1412 470 1457 XX.
513 1413 705 1460 Ecclesia
732 1417 898 1480 quippe
934 1418 1151 1464 catholica
1187 1430 1229 1464 et
1264 1418 1535 1481 temporibus
1568 1413 1686 1460 beati

315 1480 544 1544 Cypriani,
566 1495 608 1529 et
631 1496 726 1530 ante
743 1488 887 1549 ipsum
904 1490 1125 1551 praeterito
1146 1500 1356 1552 tempore,
1384 1499 1460 1533 aut
1485 1485 1686 1548 rebapti-

315 1561 453 1606 zatos,
499 1563 573 1598 aut
615 1555 883 1618 baptismum
925 1575 1010 1603 non
1047 1559 1274 1615 habentes,
1317 1559 1491 1604 unitatis
1530 1556 1688 1622 gremio

315 1621 595 1668 continebat:
627 1636 700 1670 aut
732 1627 823 1682 illi,
861 1639 935 1674 aut
968 1629 1033 1674 illi
1067 1630 1248 1675 salutem
1282 1647 1370 1675 non
1394 1629 1475 1674 nisi
1511 1627 1689 1673 unitatis

315 1689 450 1751 ipsius
472 1694 623 1738 merito
642 1698 861 1742 consecuti
875 1710 988 1744 sunt.
1017 1699 1062 1743 Si
1086 1700 1201 1744 enim
1222 1717 1306 1745 non
1328 1699 1552 1744 habebant
1570 1699 1688 1759 bap-

318 1761 491 1806 tismum
516 1764 593 1825 qui
630 1766 686 1810 ab
716 1767 933 1814 haereticis
966 1770 1220 1823 veniebant,
1260 1771 1372 1815 sicut
1407 1769 1555 1814 asserit
1597 1769 1691 1830 Cy-

313 1830 514 1891 prianus;
542 1850 628 1878 non
652 1847 764 1882 recte
785 1837 1125 1884 admittebantur
1147 1857 1156 1883 ε
1186 1850 1227 1884 et
1255 1850 1397 1884 tamen
1421 1838 1580 1883 eisdem
1598 1838 1690 1899 ipse

319 1901 632 1961 indulgentiam
666 1905 718 1950 de
757 1909 932 1952 Domini
965 1908 1256 1953 misericordia
1281 1918 1461 1971 propter
1481 1908 1692 1953 unitatem

322 1971 528 2018 Ecclesiae
541 1990 627 2018 non
645 1974 901 2039 desperavit.
930 1979 995 2023 lta
1009 1995 1109 2037 ergo
1121 1978 1154 2022 si
1175 1978 1692 2039 habebantbaptismum‚

324 2061 412 2088 non
440 2055 555 2090 recte
589 2045 948 2109 rebaptizantur:
975 2047 1082 2110 quid
1123 2048 1269 2109 itaque
1308 2048 1402 2092 illos
1442 2047 1522 2091 nisi
1545 2045 1693 2091 eadem

327 2112 502 2159 unitatis
525 2114 713 2160 charitas
739 2116 991 2175 adjuvabat,
1018 2128 1063 2162 ut
1081 2118 1200 2180 quod
1220 2118 1265 2162 in
1286 2128 1551 2162 sacramento
1577 2127 1694 2160 trac-

327 2184 459 2230 tando
484 2184 646 2230 latebat
673 2187 911 2232 humanam
940 2188 1256 2243 infirmitatem,
1288 2188 1433 2233 divina
1453 2187 1695 2232 misericor-

327 2253 397 2299 dia
422 2271 509 2299 non
528 2266 745 2318 reputaret
772 2257 1017 2302 amantibus
1035 2261 1220 2320 pacem?
1241 2259 1331 2303 Cur
1351 2274 1451 2316 ergo
1476 2273 1577 2302 cum
1598 2273 1693 2301 ves-

329 2335 414 2368 tros
453 2325 744 2388 rebaptizatos
761 2328 935 2382 timetis,
977 2338 1017 2372 et
1043 2328 1125 2372 illis
1150 2338 1191 2372 ct
1213 2328 1337 2372 vobis
1362 2327 1509 2372 salutis
1555 2326 1697 2370 aditus

327 2394 560 2439 invidetis?
602 2396 701 2440 Fuit
727 2396 959 2459 aliquando
992 2397 1045 2442 de
1071 2397 1290 2460 baptismo
1317 2396 1531 2441 dubitatio
1570 2412 1582 2440 ι
1621 2395 1697 2458 qui

337 2464 503 2509 diversa
535 2477 774 2522 senserunt,
802 2468 847 2512 in
886 2468 1050 2513 unitate
1082 2478 1342 2513 manserunt.
1382 2468 1442 2511 Ea
1481 2465 1697 2510 dubitatio

336 2535 597 2598 procedente
614 2546 805 2599 tempore
825 2549 1049 2600 perspecta
1064 2539 1239 2585 veritate
1257 2538 1424 2582 sublata
1445 2547 1503 2581 cst
1525 2554 1535 2580 :
1554 2552 1699 2598 quaes-
