1894 3154
335 191 390 221 DE
429 189 650 222 BAPTISMo
688 189 864 222 CONTRA
898 189 1191 231 nouaris'rAs,
1231 189 1317 222 ΜΒ.
1358 191 1400 223 v.
1487 177 1579 239 373

206 266 355 321 postea
394 257 595 301 correctis
615 274 704 302 non
739 273 886 301 rursus
922 256 1166 318 baptismus
1192 256 1340 311 datur,
1370 256 1442 302 sed
1484 258 1581 320 ipsa

207 328 331 373 venia
345 344 477 390 quam
499 338 603 373 tune
617 327 811 390 accipere
824 343 913 371 non
932 336 1202 381 meruerunt,
1220 327 1265 371 in
1285 344 1382 372 vera
1400 345 1582 374 eonver-

207 398 326 444 sione
347 408 591 461 praestatur.
617 397 806 460 Ideoque
825 398 951 442 etiam
967 395 1038 440 illa
1053 412 1153 458 quae
1178 396 1231 440 ad
1249 397 1464 451 Quintum
1480 399 1584 443 scri·

209 469 275 513 bit
298 468 562 531 Cyprianus,
584 479 625 513 et
642 468 714 514 illa
728 485 828 532 quae
848 484 947 512 cum
959 465 1132 525 collegis
1148 466 1232 511 suis
1255 466 1462 520 Liberali,
1490 467 1588 512 Cal-

209 537 360 593 donio,
382 539 531 594 sunio,
570 549 611 583 et
642 538 824 591 caeteris,
847 536 899 582 ad
916 536 1220 591 Saturninum,
1263 535 1518 591 Maximum,
1547 547 1589 581 et

211 607 330 662 alios,
352 608 461 652 bene
479 608 742 653 considerata
765 607 883 652 nullo
897 607 1027 651 modo
1037 604 1294 668 proferenda
1319 615 1419 650 sunt
1439 605 1588 650 adver-

211 694 280 723 sus
299 678 429 725 totius
445 679 650 724 Ecclesiae
672 678 904 724 catholicae
930 677 1272 731 consensionem,
1297 679 1421 735 cujus
1454 693 1495 720 se
1526 676 1588 721 illi

210 748 406 792 membra
415 765 501 793 esse
513 749 779 808 gaudebant,
795 759 835 793 et
848 748 962 793 unde
977 764 1017 792 se
1029 763 1168 809 neque
1182 746 1262 809 ipsi
1275 745 1588 808 praeciderunt,

211 834 350 880 neque
364 818 531 864 diversa
569 821 793 864 sentientes
824 817 1007 882 praecidi
1039 817 1152 879 passi
1187 827 1312 869 sunt;
1342 816 1480 861 donec
1506 816 1590 860 ali-

211 888 387 951 quando
410 890 455 934 in
481 889 659 934 Domini
687 889 912 935 voluntate
952 905 1029 950 per
1049 886 1294 949 plenarium
1329 885 1588 941 concilium,

211 958 313 1003 licet
334 970 433 1021 post
456 959 614 1004 multos
634 977 784 1015 annos,
825 958 931 1021 quid
958 968 1063 1002 esset
1090 957 1248 1001 rectius
1267 955 1470 1010 eluceret,
1505 973 1592 999 non

213 1029 357 1092 aliqua
382 1030 575 1075 novitate
592 1029 806 1085 instituta,
831 1028 903 1073 sed
924 1027 1182 1089 antiquitate
1199 1027 1420 1072 roborata.

278 1100 441 1146 XXXI.
469 1099 537 1144 Ad
563 1099 818 1162 Pompeium
839 1099 967 1143 etiam
985 1097 1136 1142 scribit
1161 1096 1409 1159 Cyprianus
1434 1094 1487 1139 de
1510 1094 1595 1139 hac

215 1168 361 1215 eadem
380 1186 441 1224 re,
467 1169 543 1214 ubi
563 1180 709 1231 aperte
726 1168 891 1214 indicat
908 1167 1199 1230 Stephanum,
1222 1182 1355 1229 quem
1380 1166 1593 1209 Romanae

215 1238 407 1283 ecelesiae
430 1239 685 1300 episcopum
709 1249 811 1283 tunc
823 1238 949 1282 fuisse
963 1236 1215 1291 didicimus,
1241 1253 1329 1280 non
1346 1234 1484 1279 solum
1506 1233 1590 1278 sihi

218 1308 273 1353 ad
297 1309 376 1354 ista
400 1325 487 1352 non
509 1309 783 1361 consensisse,
804 1307 1086 1353 verumetiam
1107 1317 1256 1351 contra
1287 1306 1502 1368 scripsisse
1523 1322 1541 1348 a
1551 1316 1592 1348 t·-

218 1396 302 1443 que
325 1379 595 1457 praecepisse.
644 1379 733 1435 Qui
770 1379 920 1441 utique
955 1378 1201 1455 Stephanus
1232 1393 1320 1421 non
1362 1385 1590 1438 propterea

219 1450 292 1494 «C
299 1467 574 1495 ommumc‘n
578 1460 611 1494 it
628 1449 863 1504 haereticis,
886 1470 906 1490 »
927 1449 1028 1512 quia
1052 1448 1271 1509 baptisma
1293 1443 1590 1507 Christiquod

219 1522 264 1567 in
285 1538 433 1566 eorum
448 1521 722 1583 perversitate
739 1520 854 1579 inteO
860 1536 953 1564 rum
970 1518 1168 1563 mansisse
1187 1517 1409 1576 cognovit,
1430 1516 1592 1577 impro—

221 1591 264 1635 b
257 1607 326 1635 tre
349 1607 438 1634 non
464 1606 590 1634 ausus
620 1600 694 1636 est.
728 1556 852 1634 Namt>
859 1591 892 1634 si
918 1605 1007 1633 non
1026 1588 1194 1632 habent
1215 1586 1485 1648 baptismum
1519 1584 1594 1647 qui

222 1660 276 1706 de
298 1661 388 1705 Deo
408 1677 543 1723 prava
562 1660 768 1716 sentiunt,
795 1660 882 1705 hoc
906 1675 1029 1722 posse
1058 1668 1099 1702 et
1133 1658 1249 1702 intus
1276 1655 1486 1709 accidere,
1508 1658 1598 1713 jam

223 1731 341 1785 satis,
363 1741 411 1776 ut
429 1731 634 1786 arbitror,
658 1730 926 1793 disputatum
943 1740 1017 1776 est,
1045 1750 1065 1769 ‹<
1086 1726 1285 1791 Apostoli
1308 1737 1452 1771 autem
1485 1723 1598 1769 nihil

225 1800 403 1864 quidem
433 1800 584 1845 exinde
608 1811 941 1863 praeceperunt:
962 1822 981 1840 »
1006 1798 1079 1843 sed
1099 1796 1369 1843 consuetudo
1398 1795 1471 1840 illa
1500 1810 1600 1857 quae

226 1872 533 1934 opponebatur
569 1871 818 1934 Cypriano,
844 1871 899 1916 ab
934 1886 1084 1915 eorum
1112 1867 1343 1913 traditione
1381 1864 1605 1911 exordium

227 1941 458 2004 sumpsisse
485 1941 700 1987 credenda
740 1952 820 1997 est,
862 1941 974 1986 sicut
999 1950 1099 1985 sunt
1126 1937 1264 1983 multa
1289 1953 1387 1999 quae
1410 1935 1607 1981 universa

228 2021 343 2057 tenet
366 2011 559 2057 Ecclesia
580 2021 621 2056 et
647 2011 705 2056 ob
722 2011 809 2056 hoc
835 2011 889 2056 ab
916 2009 1131 2087 Apostolis
1147 2018 1367 2071 praecepta
1382 2007 1491 2051 bene
1504 2021 1603 2050 cre-

228 2081 395 2127 duntur
418 2098 670 2144 quanquam
694 2082 858 2144 scripta
880 2097 968 2125 non
991 2080 1278 2141 reperiantur.

293 2153 480 2198 XXXII
514 2154 569 2197 At
592 2152 705 2197 enim
728 2152 939 2215 scriptum
962 2160 1023 2195 est
1040 2149 1093 2194 de
1117 2147 1370 2193 haereticis:
1390 2167 1409 2187 «
1431 2143 1564 2201 Quod
1587 2161 1608 2189 a

232 2222 503 2285 »semetipsis
522 2222 716 2267 damnati
728 2221 903 2268 sunt1»
923 2221 961 2276 Q
971 2220 1043 2266 uid
1061 2218 1388 2279 erooetillinon
1410 2235 1432 2262 a
1453 2225 1607 2261 semet-

229 2292 333 2356 ipsis
345 2291 539 2337 damnati
550 2302 648 2336 sunt
656 2293 846 2355 ,quibus
866 2291 1131 2337 dictumest·
1157 2290 1240 2334 «In
1254 2305 1361 2351 quos
1374 2288 1488 2332 enim
1508 2285 1610 2331 alte-

232 2385 252 2405 »
274 2380 369 2408 rum
385 2362 572 2422 judicas,
596 2364 870 2426 temetipsum
885 2361 1171 2407 condemnas.
1161 2363 1179 2396 3
1195 2381 1214 2401 »
1240 2359 1318 2404 His
1342 2357 1485 2403 autem
1500 2355 1614 2401 dicit

236 2432 501 2497 Apostolus:
517 2433 643 2490 «Oui
661 2433 873 2496 praedicas
897 2449 981 2478 non
1006 2430 1259 2487 fulandum,
1275 2429 1366 2476 fui
1359 2428 1449 2474 ιὶ52
1458 2437 1578 2484 ,.etc
1603 2447 1621 2467 »

284 2517 293 2541 ¹
313 2516 444 2559 Tit.1u,
471 2528 481 2547 x
496 2526 522 2551 ι,
539 2534 583 2539 -
601 2514 826 2556 ²Rom.11,1.
