1894 3154
290 232 320 287 4
331 230 384 286 ’46
709 242 745 274 s.
787 239 1030 271 meust-ml
1066 237 1269 269 EPISCOPI

290 309 557 373 quicumque
577 324 623 354 ex
641 306 796 353 haeresi
817 305 1026 359 venerint,
1053 304 1141 350 sine
1165 302 1301 348 dubio
1323 301 1618 364 baptizentur.
1641 323 1662 344 ›>

356 380 607 426 LXXXIII.
633 377 765 435 Quod
785 394 884 436 ergo
907 376 1006 428 illis,
1034 391 1141 438 quos
1166 373 1449 436 expectabat,
1477 390 1665 435 respon-

291 466 384 497 sum
405 461 484 504 est,
503 449 794 512 huicquoque
809 463 1058 509 responsum
1088 444 1341 506 accipiatur.

361 519 600 568 LXXXIV.
631 519 786 563 Clarus
811 535 831 561 a
849 516 1040 560 Mascula
1053 514 1158 559 dixit
1180 531 1190 557 :
1214 511 1472 559 «Manifesta
1497 523 1558 558 est
1575 529 1667 557 sen-

293 591 426 636 tentia
457 589 634 635 Domini
667 587 802 635 nostri
830 587 931 631 Jesu
961 584 1126 631 Christi
1166 583 1394 646 Apostolos
1432 600 1530 628 suos
1562 583 1669 628 mit-

294 662 421 707 tentis
455 671 496 706 et
533 659 617 722 ipsi
654 658 752 703 solis
777 667 1030 721 potestatem
1053 674 1076 701 a
1120 656 1249 700 Patre
1273 654 1356 699 sibi
1390 653 1535 699 datam
1565 670 1668 716 per-

294 732 531 783 mittentis3
579 729 739 791 quibus
782 744 859 773 nos
902 725 1208 776 successimus;
1252 724 1399 770 eadem
1460 734 1669 787 potestate

296 800 533 846 Ecclesiam
555 798 734 844 Domini
752 798 1040 857 gubernantes
1060 807 1101 840 et
1119 795 1389 840 credentium
1416 794 1545 839 fidem
1562 794 1670 856 bap-

298 870 472 916 tizantes
495 887 505 915 :
540 865 581 915 et
605 868 703 914 ideo
748 867 961 920 haeretici,
1010 867 1085 929 qui
1122 883 1200 911 nec
1239 874 1494 928 potestatem
1544 863 1666 918 foris,

296 958 376 986 nec
400 940 632 985 Ecclesiam
648 937 812 983 Christi
832 938 998 983 habent
1014 974 1025 993 ,
1052 936 1270 981 nemiuem
1309 935 1533 997 baptizare
1551 935 1670 997 bap-

297 1011 424 1057 tismo
463 1014 554 1069 ejus
578 1018 776 1072 possunt.
807 1030 828 1049 n

361 1081 580 1126 LXXXV.
613 1079 837 1141 *Numquid
858 1089 899 1122 et
919 1076 1045 1139 impii
1073 1076 1310 1122 homicidae
1336 1075 1553 1138 Apostolis
1571 1091 1673 1119 suc-

298 1153 543 1197 cesserunt?
572 1153 663 1194 Cur
685 1165 785 1207 ergo
815 1147 1068 1209 baptizant?
1093 1148 1160 1192 An
1186 1146 1288 1208 quia
1311 1162 1398 1190 non
1421 1156 1521 1190 sunt
1540 1144 1670 1189 foris?

301 1221 385 1267 Sed
411 1239 432 1265 a
450 1230 573 1283 petra
592 1217 695 1263 foris
721 1228 837 1271 sunt,
870 1217 939 1262 cui
962 1216 1102 1261 claves
1126 1217 1338 1261 Dominus
1375 1215 1512 1271 dedit,
1534 1225 1575 1259 et
1595 1213 1673 1258 ubi

299 1308 342 1337 se
358 1290 678 1336 aedilicaturum
703 1287 939 1332 Ecclesiam
964 1285 1084 1331 dixit.

365 1362 610 1406 LXXXVI.
636 1357 937 1403 Secundianus
961 1374 984 1401 a
1009 1355 1247 1400 Thambeis
1265 1354 1372 1400 dixit
1395 1373 1405 1400 ε
1429 1377 1449 1397 (ι
1471 1356 1569 1401 Non
1593 1355 1673 1400 de-

299 1431 452 1476 bemus
471 1428 699 1475 haereticos
716 1438 858 1472 nostra
874 1426 1218 1489 praesumptione
1232 1425 1450 1487 decipere,
1468 1436 1517 1470 ut
1537 1415 1582 1470 in
1596 1426 1674 1470 Ec-

299 1501 426 1547 clesia
453 1499 627 1544 Domini
649 1498 784 1542 nostri
804 1497 906 1541 Jesu
932 1496 1096 1541 Christi
1121 1512 1208 1540 non
1249 1495 1480 1557 baptizati,
1510 1512 1558 1540 ac
1584 1512 1674 1557 ‚per

299 1570 388 1616 hoc
412 1568 697 1615 remissionem
722 1577 1000 1630 peccatorum
1027 1582 1114 1610 nou
1137 1566 1374 1619 consecuti,
1398 1582 1495 1610 cum
1512 1564 1673 1624 J'udicii

300 1640 391 1686 dies
406 1639 586 1691 venerit,
613 1637 738 1685 nobis
759 1637 994 1699 imputent,
1023 1634 1142 1698 quod
1167 1652 1244 1698 per
1265 1652 1342 1680 nos
1360 1652 1447 1679 non
1471 1636 1555 1679 sint
1572 1635 1677 1696 bap-

301 1712 408 1765 zati,
434 1721 475 1756 et
508 1708 820 1768 indulgentiam
847 1707 1008 1752 diviuae
1036 1706 1184 1765 gratiae
1217 1706 1454 1752 consecuti.
1490 1706 1676 1768 Propter

302 1780 438 1844 quod,
467 1797 566 1825 cum
589 1780 643 1824 sit
662 1795 743 1823 una
770 1776 961 1822 Ecclesia
981 1786 1023 1821 et
1057 1793 1191 1821 unum
1211 1774 1478 1838 baptisma1‚
1501 1774 1675 1838 quando

303 1852 354 1898 ad
374 1869 448 1897 nos
459 1859 790 1901 convertuntur,
808 1847 935 1893 simul
953 1864 1053 1892 cum
1076 1846 1264 1892 Ecclesia
1278 1857 1320 1891 et
1345 1845 1548 1893 Ecclesiae
1568 1845 1677 1908 bap-

304 1921 478 1966 tismum
496 1928 830 1981 consequantur.

368 1992 636 2036 LXXXVII.
661 1989 754 2032 lmo
772 1985 963 2031 translati
982 1985 1034 2030 ad
1049 1995 1216 2047 petram
1233 1996 1273 2030 et
1288 1985 1508 2029 columbae
1525 1985 1676 2030 sociati

303 2061 520 2123 accipiant
537 2058 825 2104 remissionem
844 2067 1142 2118 peccatorum,
1165 2072 1292 2116 quam
1308 2054 1569 2105 haberenon
1593 2071 1674 2116 po-

304 2143 444 2179 terant
462 2141 575 2176 extra
596 2139 763 2191 petram
783 2137 824 2171 et
841 2136 955 2171 extra
975 2124 1246 2175 columbam,
1277 2123 1363 2168 sive
1386 2135 1530 2186 aperte
1554 2123 1672 2178 soris,

303 2203 416 2249 sicut
444 2199 658 2253 haeretici,
687 2198 774 2242 sive
795 2207 1000 2258 tanquam
1031 2195 1172 2248 intus,
1204 2193 1492 2254 sicutperditi
1517 2193 1677 2238 catho-

302 2274 404 2319 lici:
426 2288 533 2335 quos
553 2281 694 2314 tamen
719 2267 984 2330 baptismum
1014 2265 1102 2309 sine
1130 2264 1373 2308 remissione
1397 2273 1676 2325 peccatorum

252 2375 256 2380 ›
302 2354 345 2389 et
387 2343 547 2388 habere
569 2350 609 2385 et
630 2338 750 2391 dare,
783 2335 1055 2381 manifestum
1078 2344 1155 2381 est.
1185 2350 1283 2377 cum
1305 2343 1345 2377 et
1378 2334 1433 2377 al)
1452 2333 1555 2394 ipsis
1576 2332 1678 2377 tales

296 2414 534 2477 accipiunt,
559 2410 633 2473 qui
658 2408 808 2453 nonin
838 2406 985 2451 melius
1007 2404 1260 2450 commutati
1282 2405 1418 2448 Deum
1440 2403 1567 2447 labiis
1591 2403 1677 2447 ho-

295 2494 470 2539 norant,
497 2498 569 2528 cor
589 2490 729 2525 autem
756 2494 905 2523 eorum
926 2476 1051 2535 longe
1065 2485 1127 2520 cst
1151 2475 1206 2520 ab
1224 2490 1274 2518 eo
1290 2474 1324 2519 2.
1354 2474 1517 2519 'samen
1538 2472 1598 2518 sic
1613 2483 1676 2518 est

347 2568 493 2613 ²Ephe5.
514 2576 556 2605 tv,
574 2570 605 2601 4,
626 2581 669 2588 -
684 2561 786 2594 2153‘1‘,
802 2571 893 2601 xxm,
917 2562 971 2605 13,
991 2566 1022 2592 et
1042 2559 1160 2594 Matth.
1180 2570 1237 2602 xv,
1260 2559 1291 2590 8.
