1894 3154
307 286 362 316 DE
398 283 618 316 napusno
654 282 828 316 CONTRA
862 281 1155 326 noNA‘rrsns,
1194 285 1284 318 mn.
1325 287 1367 318 v.
1457 272 1549 319 365

177 367 266 397 non
289 350 444 396 satiant
467 367 477 396 :
501 359 621 395 tanta
641 367 689 396 ex
708 349 765 395 eis
784 348 1038 410 jucunditas
1055 349 1232 396 fraterni
1253 351 1406 398 amoris
1423 353 1551 399 exha-

177 420 263 478 lat,
293 431 412 466 tanta
447 419 633 466 dulcedo
666 420 891 466 charitatis
920 419 1136 468 exuberat.
1168 441 1189 462 α
1210 420 1318 467 Haec
1341 423 1451 480 tibi,
1475 422 1549 468 in-

178 491 296 555 quit,
320 491 507 537 breviter
529 508 612 555 pro
629 500 775 537 nostra
796 489 1097 537 mediocritate
1116 491 1435 555 rescripsimus,
1458 491 1549 538 fra-

178 573 242 608 ter
266 561 514 608 charissime
531 599 543 618 ,
573 561 736 608 nemini
759 561 1090 626 praescribentes
1103 573 1177 608 aut
1192 562 1547 626 praejudicantes‚

178 632 412 696 quominus
437 633 731 697 unusquisque
768 633 1073 696 episcoporum
1097 632 1218 697 quod
1237 643 1367 696 putat
1391 632 1522 679 faciat
1537 670 1549 689 ‚

177 701 346 748 habens
368 702 539 748 arbitrii
564 704 629 748 sui
648 703 833 748 liberam
859 713 1129 766 potestatem.
1157 704 1244 749 Nos
1268 714 1481 766 quantum
1506 704 1553 750 in

178 772 305 817 nobis
324 783 410 829 est,
431 784 613 837 propter
630 772 863 819 haereticos
890 789 990 818 cum
1013 773 1188 833 collegis
1212 784 1254 818 et
1285 774 1555 838 coepiscopis

178 842 334 888 nostris
358 860 448 888 non
480 842 783 890 contendimus
803 879 814 899 ,
859 859 961 888 cum
998 843 1158 906 quibus
1191 844 1474 890 concordiam
1513 855 1555 890 et

179 913 456 960 Dominicam
480 932 635 978 pacem
666 926 887 967 tenemus3
916 914 1097 959 maxime
1123 931 1225 959 cum
1248 925 1290 960 et
1323 915 1556 978 Apostolus

178 981 296 1029 dicat
321 1001 330 1028 :
356 984 401 1030 Si
419 985 516 1048 quis
537 996 679 1031 autem
698 984 917 1047 putaverit
938 984 1231 1030 contentiosus
1248 1002 1333 1030 esse
1351 1022 1362 1041 ,
1387 1002 1464 1030 nos
1485 996 1556 1031 ta-

176 1051 263 1098 lem
289 1054 646 1100 consuetudinem
669 1071 759 1099 non
781 1054 995 1099 habemus
1012 1091 1023 1110 ‚
1051 1071 1190 1117 neque
1212 1054 1403 1100 Ecclesia
1425 1055 1505 1101 Dei
1517 1054 1549 1102 1.

180 1121 386 1170 Servatur
412 1143 434 1171 a
457 1126 583 1171 nobis
602 1126 815 1189 patienter
833 1135 875 1170 et
896 1124 1048 1169 leniter
1077 1124 1266 1170 charitas
1290 1126 1448 1182 animi,
1469 1126 1557 1171 ho-

179 1210 261 1238 nor
286 1193 453 1254 collegii
470 1232 481 1251 ‚
503 1195 729 1240 vinculum
747 1194 877 1249 fidei,
897 1193 1131 1239 concordia
1151 1195 1396 1242 sacerdotii.
1420 1199 1559 1258 Prop-

181 1274 245 1309 ter
259 1266 348 1310 hoc
372 1265 500 1311 etiam
519 1265 719 1311 libellum
746 1264 799 1310 de
822 1266 942 1309 Bono
968 1265 1214 1327 patientiae,
1242 1277 1456 1329 quantum
1475 1282 1556 1312 va-

180 1333 265 1380 luit
284 1345 429 1381 nostra
445 1335 739 1390 mediocritas,
761 1334 1040 1398 permittente
1060 1335 1248 1380 Domino
1265 1347 1306 1380 et
1322 1336 1562 1400 inspirante

184 1405 520 1468 conscripsimus
537 1442 549 1463 ,
573 1422 704 1469 quem
737 1405 791 1450 ad
822 1415 862 1451 te
882 1421 964 1468 pro
995 1414 1148 1450 mutua
1167 1404 1400 1452 dilectione
1424 1417 1560 1452 trans-

184 1492 393 1522 m1S1mus.
416 1498 438 1519 »

250 1547 419 1592 XXIII.
451 1547 504 1590 In
525 1545 594 1590 his
607 1545 751 1590 verbis
770 1545 909 1590 multa
924 1544 1238 1591 consideranda
1255 1557 1354 1592 sunt
1368 1584 1379 1604 7
1401 1547 1563 1610 quibus

187 1615 233 1661 in
252 1615 340 1660 hoc
364 1616 458 1662 viro
481 1615 556 1678 qui
580 1614 728 1660 dilexit
751 1614 950 1661 decorem
974 1613 1129 1660 domus
1157 1616 1333 1662 Domini
1356 1628 1397 1663 et
1416 1617 1563 1664 locum

189 1685 461 1732 tabernaculi
483 1685 770 1731 habitationis
797 1689 887 1744 eJ'us
903 1721 914 1739 ‚
951 1684 1201 1731 christianae
1221 1686 1446 1733 charitatis
1470 1687 1564 1734 ful-

190 1774 265 1817 goi
281 1756 435 1804 elucet.
463 1756 612 1802 Primo
631 1757 735 1819 quia
753 1755 799 1801 id
817 1754 936 1818 quod
960 1755 1087 1800 sensit
1107 1773 1195 1801 non
1216 1759 1384 1803 tacuit:
1408 1758 1566 1804 deinde

191 1828 292 1890 quia
319 1837 406 1873 tam
424 1837 644 1872 mansuete
662 1837 703 1871 et
721 1826 905 1889 pacifice
923 1825 1136 1888 protulit,
1159 1827 1260 1889 quia
1280 1845 1381 1874 cum
1403 1828 1471 1874 his
1490 1828 1567 1891 qui

193 1896 313 1943 aliud
346 1897 589 1943 sentiebant
623 1896 955 1942 ecclesiasticam
990 1912 1145 1958 pacem
1181 1898 1348 1952 tenuit,
1388 1899 1493 1963 quia
1522 1899 1567 1943 in

192 1967 368 2014 unitatis
390 1965 569 2014 vinculo
592 1976 760 2011 tantam
783 1965 1081 2010 salubritatem
1107 1982 1192 2011 esse
1209 1966 1437 2023 intellexit,
1467 1968 1570 2031 quia

193 2054 289 2083 eam
315 2047 484 2082 tantum
520 2035 693 2092 dilexit,
726 2045 767 2080 et
802 2034 945 2080 sobrie
973 2034 1233 2092 custodivit,
1269 2038 1370 2100 quia
1394 2038 1507 2085 vidit
1530 2047 1571 2082 et

193 2107 324 2153 sensit
346 2107 476 2152 etiam
495 2106 662 2152 diversa
687 2105 915 2151 sentientes
939 2121 1064 2167 posse
1087 2105 1202 2150 salva
1236 2107 1448 2153 charitate
1475 2125 1573 2153 seu-

197 2177 276 2223 tire
307 2195 318 2222 :
354 2193 494 2240 neque
517 2176 632 2221 enim
665 2193 766 2221 cum
789 2174 912 2219 malis
945 2184 1088 2219 tenere
1113 2191 1155 2219 se
1179 2174 1342 2221 diceret
1379 2177 1575 2224 divinam

198 2247 480 2294 concordiam
501 2256 543 2292 et
564 2245 836 2291 Dominicam
854 2261 1009 2308 pacem
1034 2261 1044 2289 :
1066 2244 1208 2290 bonus
1228 2246 1394 2311 quippe
1413 2248 1576 2294 habere

200 2335 300 2378 erga
323 2317 458 2363 malos
486 2333 638 2380 pacem
674 2326 844 2380 potest3
873 2326 1013 2360 tenere
1041 2323 1183 2359 autem
1213 2332 1314 2362 cum
1344 2318 1401 2364 eis
1421 2336 1577 2382 pacem

201 2406 290 2435 non
309 2399 452 2452 potest
466 2424 477 2444 ,
499 2405 630 2451 quam
649 2387 732 2451 ipsi
746 2404 835 2432 non
853 2396 1000 2431 tenent
1021 2403 1030 2430 :
1054 2396 1272 2448 postremo
1292 2389 1395 2451 quia
1415 2388 1579 2435 nemini

202 2459 490 2522 praescribens
513 2474 652 2521 neque
676 2455 996 2520 praejudicans,
1035 2455 1268 2519 quominus
1290 2461 1582 2525 unusquisque

205 2531 511 2595 episcoporum
531 2528 651 2593 quod
675 2538 803 2592 putat
825 2526 955 2574 faciat
971 2564 982 2585 ,
1009 2527 1176 2574 hahens
1196 2528 1367 2577 arbitrii
1391 2532 1456 2579 sui
1473 2532 1581 2579 libe-

256 2613 267 2638 1
290 2626 304 2646 1
323 2615 398 2649 Cor.
413 2624 461 2656 xx,
481 2613 533 2645 16.
