1894 3154
338 269 423 324 140
752 284 786 314 s.
829 282 1071 314 AUGUSTINI
1107 280 1309 311 EPISCOPI

324 359 634 412 consequenter
660 348 726 408 agi
752 350 953 411 coepisset
985 359 1033 392 ut
1069 345 1270 391 basilicas
1293 362 1379 391 non
1413 357 1631 402 tenerent,
1657 359 1700 393 et

329 430 521 465 tenerent
552 419 853 483 imperialibus
884 416 1117 463 resistendo
1144 417 1436 476 jussionibus,
1474 418 1532 462 ita
1561 428 1609 463 ut
1637 418 1700 464 vis

325 489 401 535 illa
423 490 643 537 notissima
670 488 1085 535 Circumcellionum
1102 485 1358 549 praevaleret
1376 523 1388 541 ‚
1409 487 1609 532 addendo
1625 488 1699 532 in-

326 576 455 622 super
477 559 604 604 etiam
623 596 634 613 ,
664 569 712 604 ut
732 575 833 603 cum
854 557 978 602 donis
1000 555 1206 601 Ecclesiae
1226 592 1236 611 ,
1270 572 1379 618 quos
1408 557 1578 602 miserat
1607 559 1700 602 Im-

324 640 525 692 perator,
549 646 627 692 per
653 627 844 673 Africam
869 637 1017 672 euntes
1042 624 1428 671 turbulentissimis
1445 637 1486 671 et
1513 626 1700 672 saevissi-

325 698 406 743 mis
427 698 713 744 seditionibus
733 696 939 757 agitaret'1
965 714 975 741 ε
998 695 1101 741 tales
1117 695 1163 740 in
1179 712 1249 740 eos
1272 695 1382 754 leges
1398 696 1696 759 proferuntur,

325 778 374 814 ut
394 785 447 813 ne
473 769 587 831 ipsas
602 767 778 832 quidem
803 767 1005 812 basilicas
1027 782 1126 828 quae
1150 783 1237 810 non
1261 777 1382 810 erant
1409 767 1607 822 unitatis,
1627 766 1698 812 sed

323 856 345 883 a
372 838 574 901 separatis
599 848 728 900 atque
748 837 793 882 in
817 854 894 882 suo
919 836 1150 881 schismate
1176 836 1419 882 constitutis
1451 836 1624 883 fuerant
1641 837 1703 882 fa-

323 908 506 954 bricatae
521 946 531 964 ,
559 908 741 954 retinere
761 908 1014 953 sinerentur.
1045 907 1142 962 Qua
1165 907 1210 951 in
1237 924 1281 952 re
1300 911 1391 966 jam
1410 924 1505 952 suas
1523 908 1701 967 injurias

321 988 511 1040 potestas
534 978 647 1037 regia
673 977 924 1023 vindicavit.
965 975 1083 1032 Quid
1115 976 1227 1021 enim
1255 977 1400 1021 valent
1423 980 1538 1036 juste
1557 978 1700 1040 possi-

324 1047 423 1093 dere
444 1047 612 1092 inimici
625 1048 805 1106 justitiae
820 1051 838 1092 ζ)

386 1118 507 1163 XIX.
534 1118 624 1162 Nec
648 1135 729 1180 pro
754 1118 811 1161 eis
834 1116 1000 1178 aliquid
1025 1117 1320 1178 promulgasse
1343 1117 1440 1178 quis
1459 1118 1696 1175 invenitur,

324 1187 406 1233 nisi
430 1197 624 1250 apostata
658 1186 880 1241 Julianus,
910 1186 981 1230 cui
1010 1203 1093 1248 pax
1123 1196 1164 1230 et
1198 1186 1335 1230 unitas
1359 1187 1606 1232 Christiana
1631 1189 1701 1233 ni-

324 1257 459 1302 mium
479 1255 739 1319 displicebat
759 1277 769 1310 ;
798 1255 1154 1318 quandoquidem
1173 1256 1267 1317 ipsa
1288 1256 1323 1300 ei
1349 1256 1462 1301 unde
1481 1257 1613 1319 impie
1635 1274 1702 1302 ce-

324 1325 486 1372 ciderat
516 1325 664 1385 religio
701 1325 964 1388 displiceret.
1011 1325 1095 1370 Cui
1128 1324 1306 1387 quidem
1333 1326 1401 1370 isti
1435 1327 1696 1383 Donatistae,

320 1396 433 1441 sicut
450 1395 653 1455 judicum
688 1396 817 1440 Gesta
850 1405 1081 1449 testantur,
1124 1395 1284 1456 quibus
1321 1395 1368 1440 hi
1402 1395 1522 1457 quod
1554 1396 1701 1459 impe-

322 1474 539 1510 traverant
561 1464 821 1523 allegarunt,
847 1464 1006 1509 talibus
1027 1464 1169 1508 Verbis
1192 1464 1574 1527 supplicaverunt,
1600 1477 1646 1511 ut
1663 1468 1701 1512 ei

320 1533 498 1580 fortasse
524 1535 670 1579 mitius
695 1534 749 1579 ad
775 1534 994 1579 idolorum
1018 1533 1187 1579 cultum
1210 1534 1390 1597 quidam
1411 1535 1564 1580 timore
1591 1553 1701 1581 con—

321 1604 553 1659 senserint,
586 1621 717 1667 quam
742 1621 839 1649 eum
875 1604 945 1649 isti
976 1603 1130 1649 furiosi
1153 1603 1455 1652 laudaverunt.
1492 1606 1701 1652 DiXerunt

320 1674 434 1719 enim
457 1692 467 1719 ι
497 1695 518 1715 «
544 1674 675 1730 Quod
710 1675 835 1738 apud
869 1691 968 1720 eum
995 1674 1085 1720 sola
1101 1675 1267 1734 justitia
1290 1675 1435 1721 locum
1454 1676 1651 1723 haberet.
1679 1698 1701 1719 ›>

323 1744 442 1801 Quid
476 1762 576 1804 ergo
613 1744 732 1790 aliud
764 1745 915 1790 dixisse
950 1745 1250 1807 reperiuntur,
1284 1746 1364 1790 nisi
1403 1745 1699 1792 Christianam

320 1815 591 1860 sanctitatem
617 1832 706 1860 non
723 1833 808 1861 esse
832 1816 1073 1875 justitiam.
1100 1833 1200 1879 quae
1227 1816 1347 1879 apud
1375 1816 1498 1862 illum
1529 1817 1700 1863 nullum

320 1884 503 1930 haberet
529 1885 678 1930 locum
695 1922 706 1942 ,
739 1896 812 1931 aut
838 1886 1050 1931 honorem
1074 1885 1324 1931 daemonum
1350 1904 1436 1932 esse
1453 1887 1698 1945 J'ustitiam?

321 1953 518 2000 Aliorum
550 1965 693 2000 autem
716 1955 1030 2019 imperatorum
1054 1955 1165 2015 leges
1192 1973 1291 2019 quae
1314 1957 1592 2002 vehementer
1615 1957 1698 2003 ad-

322 2039 467 2069 versus
485 2041 554 2069 eos
576 2024 676 2070 latae
693 2036 796 2070 sunt
814 2063 824 2081 ,
855 2027 951 2089 quis
974 2026 1176 2085 ignorat?
1208 2027 1259 2071 ln
1283 2027 1443 2089 quibus
1465 2044 1551 2072 una
1569 2045 1699 2087 gene-

321 2092 422 2139 ralis
452 2094 656 2140 adversus
688 2113 835 2141 omnes
862 2097 937 2159 qui
968 2095 1241 2142 Christianos
1270 2113 1311 2141 se
1336 2095 1423 2141 dici
1444 2097 1622 2154 volunt,
1657 2109 1699 2143 et

322 2164 528 2210 Ecclesiae
553 2166 784 2212 catholicae
806 2185 896 2212 non
919 2167 1273 2223 communicant,
1298 2167 1371 2212 sed
1392 2167 1436 2212 in
1464 2168 1550 2213 suis
1572 2186 1699 2231 sepa-
1760 2177 1764 2180 ’

320 2234 450 2279 ratim
476 2236 790 2282 conventiculis
820 2247 1161 2296 congregantur,
1198 2236 1243 2282 id
1268 2237 1463 2283 continet
1495 2255 1505 2282 :
1539 2239 1597 2283 Ut
1627 2239 1698 2284 vel

323 2303 547 2350 ordinator
564 2304 728 2361 clerici,
746 2307 814 2352 vel
831 2308 923 2371 ipse
938 2307 1160 2352 ordinatus
1179 2307 1297 2352 denis
1314 2307 1436 2352 libris
1450 2308 1542 2353 auri
1558 2309 1696 2355 mulc-

322 2383 466 2419 tentur
487 2392 497 2418 :
525 2375 647 2420 locus
664 2393 765 2421 vero
783 2377 874 2440 ipse
893 2394 981 2440 quo
1002 2377 1136 2440 impia
1156 2377 1366 2440 separatio
1389 2389 1692 2438 congregatur,

318 2443 540 2503 redigatur
567 2445 613 2490 in
646 2446 815 2493 fiscum.
861 2448 972 2492 Sunt
1001 2458 1041 2492 et
1082 2447 1177 2492 aliae
1204 2448 1415 2506 J'ussiones
1448 2448 1691 2506 generales,

318 2514 480 2577 quibus
496 2514 557 2558 eis
574 2514 642 2559 vel
667 2516 854 2562 faciendi
876 2528 1128 2563 testamenta
1146 2517 1212 2563 vel
1240 2534 1319 2580 per
1341 2516 1593 2563 donationes
1615 2518 1695 2563 ali-

370 2595 380 2618 ¹
406 2596 520 2628 Paulus
536 2602 566 2628 et
586 2593 752 2629 Macarius.
774 2599 858 2630 Vide
876 2602 1032 2642 Optatum
1051 2599 1109 2634 lib.
1130 2600 1160 2631 3.
