1894 3154
10 2189 11 2192 „
0 2151 5 2183 „-

310 297 479 327 comm
519 295 758 327 musrotan
799 296 1093 339 munliMANl,
1135 299 1219 331 Lm.
1265 300 1331 333 ιιι.
1442 303 1532 351 209

167 371 241 406 aut
260 361 450 406 ebriosus
466 397 476 416 ‚
504 371 578 406 aut
600 378 731 424 rapax
750 398 760 416 ,
782 371 898 407 vetat
913 362 1040 407 etiam
1064 378 1228 409 sumere
1246 365 1410 414 eibum.
1434 367 1535 413 Per-

165 430 314 476 suadet
334 448 432 490 ergo
457 441 554 476 ante
580 442 750 494 tempus
774 432 918 478 messis
945 450 968 477 a
989 433 1216 479 frumentis
1239 435 1399 481 zizania
1418 454 1537 500 sepa-

165 501 265 546 rari.
293 500 422 556 Quod
448 501 480 545 si
499 501 634 546 facere
655 501 921 548 noluerimus
940 539 951 558 ,
974 503 1180 566 quoniam
1206 504 1417 551 Dominus
1436 523 1537 569 pro-

163 570 310 626 hibet,
335 570 557 616 toleraturi
585 588 632 616 ea
655 588 822 627 sumus,
850 583 892 617 et
915 572 960 617 in
990 571 1081 617 sola
1101 589 1201 618 cum
1220 573 1278 619 eis
1301 574 1537 621 voluntatis

163 651 204 686 et
230 639 373 686 cordis
404 641 670 703 separatione
708 642 1016 704 perseveraturi
1052 659 1063 687 :
1099 660 1149 688 ac
1177 660 1256 705 per
1291 643 1379 690 hoc
1408 645 1537 690 etiam

163 712 313 757 cibum
355 728 520 758 sumere
559 729 658 758 cum
708 713 870 758 talibus
885 751 896 770 ‚
947 713 1066 777 quod
1109 714 1288 778 quidem
1330 716 1539 779 prohibet

164 780 413 844 Apostolus.

227 849 353 897 Xlll.
382 851 433 896 In
456 851 542 896 hac
564 851 684 897 velut
729 854 924 913 angustia
956 852 1214 917 quaestionis
1253 870 1340 899 non
1372 854 1537 919 aliquid

165 938 327 968 novum
351 931 426 966 aut
451 921 675 967 insolitum
710 922 850 968 dicam
871 961 880 980 ‚
909 924 986 970 sed
1011 923 1130 987 quod
1153 924 1311 969 sanitas
1339 925 1539 972 observat

165 991 387 1048 Ecclesiae,
408 1001 457 1036 ut
473 1008 574 1036 cum
592 992 775 1055 quisque
801 993 1003 1050 fratrum,
1021 993 1067 1038 id
1088 1004 1168 1049 est,
1187 993 1537 1042 Christianorum

161 1062 279 1108 intus
303 1061 347 1107 in
377 1061 578 1106 Ecclesiae
598 1061 798 1107 societate
817 1063 1170 1120 constitutorum,
1207 1063 1253 1108 in
1279 1063 1426 1127 aliquo
1464 1065 1540 1112 tali

163 1142 343 1195 peccato
365 1131 497 1177 fuerit
512 1131 827 1194 deprehensus,
849 1144 897 1179 ut
915 1134 1187 1179 anathemate
1206 1132 1362 1192 dignus
1378 1133 1540 1181 habea-

166 1214 252 1258 tur,
275 1203 353 1247 fiat
374 1201 461 1247 hoc
478 1201 555 1247 ubi
582 1201 825 1264 periculum
845 1203 1088 1250 schismatis
1113 1202 1282 1247 nullum
1302 1213 1379 1259 est,
1408 1214 1538 1268 atque

162 1271 207 1316 id
229 1288 328 1317 cum
356 1289 404 1317 ea
424 1270 671 1327 dilectione,
710 1271 763 1317 de
783 1289 868 1335 qua
891 1273 983 1336 ipse
1004 1273 1109 1319 alibi
1129 1272 1335 1335 praecipit
1355 1273 1502 1320 dicens
1521 1292 1533 1319 ε

163 1362 183 1382 «
202 1342 260 1386 Ut
284 1341 510 1386 inimicum
534 1358 622 1386 non
641 1357 739 1387 eum
761 1343 1024 1399 existimetis,
1047 1341 1119 1388 sed
1148 1342 1354 1405 corripite
1368 1354 1416 1389 ut
1444 1344 1535 1390 fra-

163 1433 183 1453 »
204 1411 359 1457 trem1:
379 1434 398 1454 ›>
417 1429 505 1457 non
518 1412 630 1457 enim
652 1412 705 1457 ad
719 1412 1131 1470 el'aelicandu111‚sed
1141 1412 1195 1458 ad
1207 1413 1525 1473 corrigendum.

165 1482 297 1539 Quod
323 1483 357 1528 si
375 1499 418 1527 se
440 1499 528 1527 non
565 1482 804 1542 agnoverit,
836 1499 974 1546 neque
999 1482 1255 1546 poenitendo
1285 1486 1530 1541 correxerit,

161 1552 172 1597 i
177 1570 252 1615 pse
273 1552 387 1598 foras
403 1553 526 1608 exiet,
548 1562 588 1597 et
602 1569 680 1615 per
698 1553 922 1616 propriam
958 1553 1224 1599 voluntatem
1250 1555 1306 1599 ab
1329 1555 1534 1603 Ecclesiae

162 1623 467 1668 communione
492 1623 732 1670 dirimetur.
761 1625 872 1669 Nam
903 1635 944 1669 et
965 1625 1057 1687 ipse
1083 1624 1296 1670 Dominus
1319 1641 1420 1671 cuni
1439 1644 1531 1672 ser-

160 1694 225 1740 vis
239 1693 484 1739 volentibus
503 1693 661 1738 zizania
679 1692 878 1753 colligere
896 1693 1028 1739 dixit:
1045 1693 1213 1739 «Sinite
1225 1705 1406 1759 utraque
1418 1714 1528 1744 cres-

162 1785 182 1807 »
203 1781 297 1810 cere
320 1781 454 1827 usque
476 1764 530 1810 ad
555 1781 731 1809 messem
751 1782 761 1808 :
781 1786 800 1805 ›>
815 1764 1026 1827 praemisit
1043 1781 1215 1809 causam
1231 1765 1406 1812 dicens:
1425 1789 1445 1809 ε(
1467 1770 1529 1815 Ne

161 1858 182 1878 ›>
204 1835 312 1881 sorte
331 1853 431 1881 cum
473 1835 602 1882 vultis
628 1835 827 1895 colligere
861 1835 1039 1892 zizania,
1080 1835 1305 1882 eradicetis
1333 1837 1463 1884 simul
1487 1851 1528 1886 et

161 1929 181 1949 »
207 1907 397 1952 triticum
416 1908 450 1952 2.
479 1928 499 1948 η
527 1906 613 1951 Ubi
641 1905 740 1951 satis
778 1906 993 1962 ostendit,
1030 1922 1133 1951 cum
1164 1916 1302 1952 metus
1323 1907 1401 1954 iste
1439 1928 1527 1957 non

161 1978 323 2032 subest,
352 1975 425 2035 sed
445 1977 620 2021 omnino
632 1975 684 2021 de
694 1975 1011 2022 frumentorum
1026 1985 1142 2022 certa
1160 1977 1393 2025 stabilitate
1407 1993 1525 2027 certa

160 2037 374 2093 securitas
388 2057 548 2101 manet,
577 2045 622 2091 id
645 2055 724 2103 est,
745 2046 921 2109 quando
945 2046 1005 2091 ita
1027 2049 1237 2109 cujUsque
1257 2048 1420 2095 crimen
1440 2069 1524 2097 no·-

158 2129 251 2163 tum
272 2129 333 2165 est
349 2127 388 2164 et
404 2117 605 2162 omnibus
624 2115 1072 2179 execl'abileflpparet,
1094 2127 1141 2161 ut
1157 2117 1225 2162 vel
1246 2118 1388 2165 nullos
1401 2138 1526 2184 pror-

159 2206 228 2235 sus
243 2189 406 2234 vclnon
418 2188 517 2233 tales
528 2188 689 2233 habeat
704 2187 961 2244 defensores,
984 2203 1061 2250 per
1072 2203 1178 2249 quos
1195 2189 1526 2251 possitschisma

161 2260 407 2319 contingere
426 2276 436 2303 ε
459 2275 547 2304 non
559 2258 956 2304 dormiatseveritas
970 2257 1230 2320 disciplinae,
1251 2259 1296 2304 in
1307 2277 1392 2324 qua
1406 2273 1524 2310 tanto

159 2339 220 2375 est
236 2329 451 2375 essicaeior
462 2327 704 2374 emendatio
722 2327 965 2391 pravitatis,
984 2337 1148 2389 quanto
1162 2327 1409 2389 diligentior
1425 2350 1526 2380 con-

159 2401 341 2446 servatio
376 2399 616 2445 charitatis.
650 2400 775 2444 Tunc
801 2409 944 2443 autem
979 2397 1066 2443 hoc
1105 2398 1194 2444 sine
1227 2399 1326 2447 labe
1348 2405 1468 2466 pacis
1486 2417 1527 2452 et

159 2469 336 2515 unitatis
360 2479 402 2515 et
419 2469 507 2515 sine
530 2469 702 2514 laesione
737 2467 1054 2513 frumentorum
1088 2468 1180 2514 fieri
1216 2481 1383 2533 potest,
1425 2492 1526 2522 cum

160 2540 501 2601 congregationis
541 2539 743 2585 Ecclesiae
767 2537 1001 2585 multitudo
1036 2538 1090 2585 ab
1112 2555 1161 2586 eo
1198 2541 1377 2590 crimine
1409 2548 1528 2610 quod

207 2622 252 2654 ¹2
271 2622 380 2654 Thess.
395 2634 427 2663 v,
453 2622 502 2653 15.
521 2640 559 2646 —
577 2619 592 2642 2
608 2619 720 2653 Manli.
743 2631 817 2661 x·n‚
841 2623 893 2654 30.

290 2690 507 2721 cxxxvm.
1348 2682 1402 2736 14
