1894 3154
300 211 396 268 314
706 228 741 260 5.
783 226 1027 258 AUGUSTINI
1061 227 1265 260 Eriscom

294 291 496 356 perbiam
518 302 726 339 sectantes
744 330 755 350 ,
784 292 1053 339 aemulationi
1076 304 1119 339 et
1154 293 1408 341 dissensioni
1434 305 1636 343 vacantes
1659 332 1671 352 ,

297 364 587 427 simplicitatis
607 376 649 411 et
672 364 773 411 fidei
786 364 1063 425 negligentes,
1084 365 1243 412 saeculo
1257 367 1398 414 verbis
1415 367 1515 414 solis
1529 378 1570 414 et
1585 384 1674 413 non

294 434 419 480 factis
436 436 752 492 renuntiantes,
778 436 1075 500 unusquisque
1099 436 1183 483 sibi
1200 437 1418 501 placentes
1433 476 1444 495 ,
1469 437 1674 484 010111111-

297 504 380 550 bus
402 504 693 568 displicentes.
719 528 741 549 υ
762 506 893 562 Quod
927 507 962 552 si
993 523 1062 552 eos
1084 506 1129 552 in
1152 508 1238 553 suis
1262 509 1470 554 membris
1491 525 1570 554 nec
1599 507 1675 554 illa

299 575 504 621 columba
536 576 786 635 cognoscit3
819 586 861 620 et
879 576 1042 621 talibus
1060 612 1072 632 ,
1105 575 1138 620 si
1168 577 1214 622 in
1233 577 1382 623 eadem
1399 577 1676 641 perversitate

296 646 640 709 permanserint,
678 645 874 691 dicturus
922 656 984 692 est
1009 646 1222 692 Dominus
1239 684 1250 703 ,
1277 668 1298 689 c<
1317 648 1417 693 Non
1442 648 1545 695 novi
1569 662 1646 695 Vos
1663 683 1675 704 ,

298 737 317 757 ))
336 715 522 761 recedite
539 734 563 761 a
594 734 662 762 me
692 717 768 780 qui
794 717 1036 780 operamini
1059 716 1337 780 iniquitatem
1359 717 1377 746 '¹
1399 736 1411 763 ι
1435 739 1456 760 n
1479 718 1683 765 videntur

298 802 383 831 esse
415 786 460 831 in
478 786 674 832 Ecclesia
692 824 703 843 ,
725 787 799 833 sed
817 805 905 832 non
931 798 1049 842 sunt,
1077 787 1165 833 imo
1200 798 1242 834 et
1261 799 1413 834 contra
1437 787 1677 834 Ecclesiam

297 855 466 901 faciunt
485 857 518 904 9.
553 857 790 913 Quomodo
822 875 921 918 ergo
953 858 1173 922 baptismo
1209 859 1416 904 Ecclesiae
1453 858 1679 922 baptizare

296 937 495 990 possunt,
531 928 651 991 quod
666 946 744 975 nec
769 929 873 992 ipsis
896 929 1090 992 prodest,
1123 946 1204 975 nec
1229 930 1544 993 accipientibus
1565 966 1576 985 ,
1600 928 1681 973 nisi

296 999 554 1046 intrinsecus
574 1018 674 1047 vera
698 1002 975 1048 conversione
1006 1013 1231 1048 mutentur
1247 1040 1257 1059 ,
1286 1014 1335 1048 ut
1357 1003 1503 1066 ipsum
1535 1018 1681 1047 sacra-

298 1084 511 1129 mentum,
538 1074 659 1136 quod
683 1074 741 1120 eis
780 1075 1100 1138 accipientibus
1131 1092 1219 1122 non
1236 1076 1443 1138 proderat
1464 1113 1475 1131 ,
1501 1073 1679 1138 quando

297 1142 456 1188 saeculo
477 1144 619 1189 verbis
635 1161 724 1190 non
746 1145 873 1190 factis
896 1146 1226 1202 renuntiabant,
1250 1146 1452 1209 prodesse
1474 1145 1676 1207 incipiat,

300 1229 401 1258 cum
431 1225 472 1259 et
493 1213 618 1259 factis
639 1215 857 1279 coeperint
879 1217 1127 1262 renuntiare
1151 1234 1161 1262 :
1185 1217 1245 1262 ita
1265 1228 1306 1261 et
1322 1217 1385 1262 illi
1406 1232 1596 1279 quorum
1623 1225 1685 1260 est

300 1294 449 1345 aperta
473 1285 685 1347 separatio
700 1286 828 1349 ,quia
842 1286 888 1331 in
908 1286 1113 1332 membris
1128 1286 1243 1331 illius
1263 1286 1499 1341 columbae,
1529 1302 1609 1330 nec
1634 1284 1685 1329 hi

304 1370 383 1398 nec
401 1353 466 1398 illi
490 1365 591 1400 511111
610 1354 743 1401 hodie
760 1393 771 1412 ,
793 1355 866 1401 sed
891 1356 1024 1419 aliqui
1048 1373 1197 1401 eorum
1218 1355 1393 1401 fortasse
1410 1355 1549 1401 futuri
1570 1364 1684 1400 sunt.

372 1423 423 1470 V.
470 1425 569 1470 Non
609 1426 754 1489 itaque
788 1427 1099 1472 haereticorum
1132 1427 1351 1490 baptisma
1381 1436 1682 1489 acceptamus,

302 1494 479 1557 quando
500 1507 601 1558 post
624 1513 695 1542 eos
725 1514 811 1542 non
835 1497 1112 1561 baptizamus
1142 1515 1152 1542 :
1181 1497 1255 1542 sed
1273 1497 1394 1560 quod
1411 1497 1578 1542 Christi
1601 1512 1687 1541 esse

303 1565 621 1624 cognoscimus,
642 1566 772 1613 etiam
786 1568 831 1613 in
854 1567 976 1613 malis
996 1567 1270 1624 hominibus,
1295 1568 1381 1613 sive
1402 1577 1547 1630 aperte
1564 1566 1684 1621 foris,

302 1634 389 1680 sive
410 1635 528 1681 intus
541 1637 711 1683 occulte
731 1638 955 1701 separatis,
978 1638 1062 1683 illis
1084 1638 1130 1684 in
1149 1655 1198 1683 ea
1221 1655 1266 1683 re
1285 1638 1331 1683 in
1349 1655 1437 1701 qua
1451 1635 1687 1683 deviabant

303 1707 524 1763 correctis,
545 1707 694 1755 debita
714 1710 989 1755 veneratione
1009 1709 1283 1772 suscipimus.
1312 1709 1437 1755 Sicut
1450 1719 1594 1754 autem
1612 1724 1686 1752 ur-

307 1777 396 1836 geri
419 1778 569 1824 videor
591 1796 693 1825 cum
713 1780 826 1826 1111111
851 1780 1037 1826 dicitur:
1067 1781 1216 1840 «Ergo
1246 1780 1482 1826 haereticus
1506 1777 1689 1824 dimittit

305 1852 513 1909 peccata?
534 1870 555 1891 >³
574 1851 634 1895 510
657 1861 699 1895 01
725 1868 802 1910 ego
826 1868 956 1911 urgeo
973 1868 1073 1897 011111
1097 1851 1197 1897 dico
1219 1869 1229 1896 :
1259 1853 1372 1911 Ergo
1397 1850 1475 1914 qui
1497 1847 1690 1895 coelestia

306 1917 511 1966 mandata
523 1936 612 1964 non
633 1930 790 1976 servat,
814 1938 984 1976 avarus,
1012 1932 1181 1983 raptor,
1207 1921 1462 1975 foenerator,
1490 1918 1685 1973 invidus,

307 1988 476 2044 verbis,
498 2005 588 2035 non
620 1989 744 2035 factis
771 1990 932 2036 saeculo
967 1991 1235 2045 renuntians,
1266 1989 1447 2034 dimittit
1464 1999 1648 2052 peccata
1670 1990 1688 2034 P

309 2059 357 2104 Si
379 2060 557 2122 pervim
579 2061 836 2106 sacramenti
854 2063 954 2117 Dei,
975 2061 1085 2107 sicut
1101 2061 1189 2117 1110,
1206 2061 1264 2106 ita
1280 2071 1321 2106 et
1340 2060 1410 2106 ille
1429 2078 1439 2105 :
1461 2060 1691 2122 5111011110-

310 2129 600 2186 ritumsuum,
620 2147 700 2177 nec
713 2131 983 2187 1110,11001110.
1007 2131 1124 2177 Illud
1134 2132 1249 2176 enim
1263 2141 1581 2176 sacramentum
1591 2139 1633 2174 et
1646 2130 1691 2174 in

309 2200 434 2245 malis
450 2199 706 2247 hominibus
717 2201 878 2248 Christi
887 2218 972 2247 0550
986 2203 1264 2262 cognoscitur
1277 2201 1345 2247 :in
1357 2217 1540 2265 corpore
1550 2210 1693 2246 autem

313 2270 456 2316 unicae
481 2271 718 2329 columbae,
740 2272 1026 2337 incorruptae,
1053 2285 1233 2330 sanctae,
1261 2273 1438 2336 pudicae
1461 2309 1473 2325 ,
1494 2289 1583 2317 11011
1613 2271 1692 2316 ha-

309 2341 456 2387 bentis
479 2343 696 2389 maculam
720 2354 792 2389 aut
808 2344 1002 2404 rugam3‚
1020 2361 1099 2390 nec
1117 2343 1188 2389 ille
1202 2360 1281 2389 nec
1298 2343 1370 2388 illc
1383 2342 1615 2389 invenitur.
1637 2341 1694 2386 Et

315 2411 535 2475 quomodo
565 2413 796 2476 accipienti
819 2431 906 2460 non
919 2414 1098 2478 prodest
1114 2413 1358 2477 baptismus
1381 2412 1420 2458 ei
1440 2412 1522 2477 qui
1533 2411 1693 2457 saeculo

313 2480 458 2526 verbis
476 2498 565 2527 non
581 2482 706 2529 factis
724 2486 969 2539 renuntiat3
991 2485 1052 2531 sic
1073 2501 1162 2531 non
1187 2482 1364 2548 prodest
1384 2483 1422 2528 ei
1438 2482 1516 2547 qui
1537 2482 1583 2528 in
1602 2481 1693 2527 1130-

358 2568 370 2590 ¹
386 2565 504 2602 Matth.
524 2577 579 2610 vn,
599 2571 655 2606 23.
672 2588 717 2598 —
736 2570 752 2594 ²
767 2575 815 2605 Ex
833 2572 968 2617 epistola
985 2573 1026 2606 ad
1045 2572 1255 2608 Jubaianum.
1275 2589 1322 2598 -
1341 2568 1357 2597 3
1374 2569 1493 2615 Ephes·
1511 2580 1544 2614 V,
1566 2581 1622 2609 27-
