1894 3154
359 270 529 301 CONTRA
563 270 807 300 Evls‘roLxM
847 269 1140 307 ΡΛΗΜΕΝΙΑΝΙ,
1183 273 1267 303 Lis.
1314 275 1340 303 ι.
1456 273 1541 321 129

181 332 263 378 sibi
278 334 495 379 nonnullis
514 334 728 379 similibus
743 335 883 389 sociis,
912 336 1037 380 etiam
1066 336 1550 384 Parmenianistascrea-

180 413 260 457 ret,
289 404 400 448 sicut
407 408 495 463 jam
522 404 656 449 multa
679 404 816 449 frusta
839 404 891 449 de
908 405 989 449 isto
1012 405 1147 450 frusto
1171 423 1248 467 per
1271 417 1403 451 totam
1429 408 1546 452 Afri-

180 488 274 516 cam
293 471 406 518 facta
427 484 539 520 sunt.
575 474 671 529 Sic,
701 475 761 519 sic
785 491 951 519 necesse
974 486 1052 530 est,
1083 486 1129 520 ut
1160 476 1406 522 minutatim
1448 478 1552 522 secti

178 542 427 606 concisique
450 544 709 606 dispereant,
737 546 813 607 qui
830 555 1040 590 tumorem
1061 546 1338 591 animositatis
1358 564 1444 592 suae
1471 548 1553 592 Cr.-

180 611 358 658 tholicae
375 614 495 676 pacis
539 615 805 661 sanctissimo
837 616 1012 661 vinculo
1058 616 1358 678 praetulerunt.
1404 618 1553 680 Neque

178 682 292 727 enim
324 694 406 728 tam
428 685 618 729 timenda
647 695 746 730 sunt
772 702 872 747 quae
905 688 1196 731 comminatur
1219 687 1547 743 Parmenianus,

178 769 310 814 quam
334 754 542 800 intuenda
555 772 654 819 quae
679 757 925 802 confitetur.

242 824 296 869 X.
323 824 434 869 Cum
461 824 574 869 enim
611 825 803 870 diceret:
834 827 957 870 «Per
978 825 1130 870 Usium
1152 827 1394 890 Hispanum
1421 828 1551 888 adju-

179 893 338 938 torium
352 895 595 957 praestitum
621 895 869 950 Caeciliano,
892 906 939 940 ut
963 896 1017 940 ad
1032 913 1179 941 eorum
1199 899 1551 944 communionem

177 974 424 1009 sanctorum
451 976 491 1009 et
506 965 775 1010 illibatorum
801 982 1005 1009 numerus
1021 976 1262 1024 cogeretur,
1289 978 1328 1011 et
1351 968 1456 1012 huic
1472 968 1551 1012 im-

175 1034 327 1096 pietati
349 1034 479 1080 fidem
515 1053 732 1081 servorum
770 1035 850 1079 Dei
885 1035 1094 1095 integram
1132 1037 1361 1082 restitisse:
1389 1060 1409 1079 »
1437 1039 1548 1084 ultro

175 1104 309 1151 fassus
327 1117 387 1151 est
407 1124 504 1152 suos
526 1107 641 1169 ipsos
660 1107 810 1152 adiisse
831 1106 960 1151 etiam
986 1107 1337 1163 Constantinum,
1365 1120 1407 1154 et
1431 1110 1550 1155 arbi-

176 1176 259 1220 trio
286 1180 375 1235 ejus
401 1195 423 1222 a
443 1177 672 1236 judicibus
691 1177 906 1240 episcopis
929 1194 1100 1222 causam
1126 1179 1362 1237 cognitam,
1387 1180 1550 1243 quibus

175 1245 354 1308 praefuit
381 1247 643 1292 Melchiades
669 1247 686 1274 ¹
714 1247 926 1292 Romanae
951 1247 1070 1292 urbis
1094 1248 1335 1311 episcopus.
1374 1250 1425 1294 In
1459 1266 1547 1313 quo

171 1316 359 1374 Judicio,
382 1317 492 1362 sicut
514 1317 798 1363 ecclesiastica
813 1318 940 1362 Gesta
956 1328 1186 1373 testantur,
1209 1321 1310 1383 quia
1332 1320 1435 1365 victi
1449 1331 1550 1366 sunt

175 1386 245 1431 isti
274 1397 315 1431 et
338 1387 542 1432 innocens
585 1388 845 1433 Caecilianus
881 1388 1078 1433 inventus
1100 1400 1184 1444 est,
1208 1389 1410 1434 eumdem
1437 1391 1548 1436 Mel-

176 1456 376 1502 chiadem
399 1458 578 1503 crimine
602 1458 846 1505 traditionis
862 1470 1081 1506 accusant.
1114 1459 1244 1516 Quod
1271 1477 1419 1522 quaero
1436 1478 1550 1524 quo—

176 1527 306 1572 modo
331 1529 637 1588 cognoverint?
656 1530 701 1574 Si
720 1530 834 1574 enim
854 1540 950 1575 ante
965 1529 1202 1588 judicium,
1229 1548 1317 1575 non
1332 1532 1413 1577 sibi
1436 1550 1550 1595 prae—

170 1598 368 1656 judicare
392 1599 656 1655 debuerunt,
678 1611 725 1645 ut
743 1600 861 1663 apud
885 1600 1010 1645 talem
1023 1601 1216 1660 judicem
1238 1619 1412 1647 causam
1430 1620 1550 1662 agere

175 1669 435 1732 inciperent,
456 1669 584 1714 etiam
603 1687 649 1715 ex
666 1680 890 1732 praecepto
907 1671 1184 1733 Imperatoris
1199 1688 1328 1734 quem
1345 1672 1550 1734 ipsiadie-

175 1749 287 1794 rant,
313 1739 397 1784 tale
414 1739 803 1799 subirejndicium.
834 1740 879 1785 Si
911 1751 1054 1785 autem
1076 1751 1174 1803 post
1192 1741 1354 1786 dictam
1373 1759 1548 1789 causam

174 1809 475 1872 prolatamque
499 1809 752 1854 sententiam
778 1826 876 1854 eum
897 1810 1145 1855 traditorem
1171 1810 1369 1856 didicisse
1391 1813 1548 1874 perhi-

173 1878 297 1935 bent,
324 1896 458 1941 usque
483 1879 587 1924 adeo
621 1878 836 1924 dementes
869 1891 969 1924 sunt
991 1880 1211 1936 homines,
1237 1892 1283 1926 ut·
1307 1893 1457 1928 contra
1469 1887 1548 1943 ju-

174 1948 289 1994 dices
309 1949 426 2012 apud
445 1966 553 2012 quos
569 1949 675 1995 victi
693 1960 810 2005 sunt,
838 1950 962 1995 victis
996 1950 1312 2010 litigationibus
1335 1953 1546 2000 credant?

175 2020 231 2064 Et
258 2031 398 2066 tamen
433 2021 477 2065 in
503 2020 571 2065 his
605 2021 824 2076 omnibus,
863 2020 1089 2083 (quamvis
1112 2037 1266 2080 magna
1291 2023 1544 2081 temeritate,

174 2090 321 2145 Italos,
349 2090 514 2147 Gallos,
535 2100 577 2135 et
602 2090 818 2153 Hispanos
844 2100 1063 2145 accusant,
1097 2090 1253 2136 relictis
1271 2093 1436 2138 caeteris
1455 2104 1546 2139 tam

175 2161 320 2206 multis
339 2161 575 2223 provinciis
597 2171 725 2224 atque
741 2160 957 2219 gentibus,
987 2178 1010 2205 a
1027 2161 1187 2223 quibus
1206 2161 1393 2208 nefando
1409 2165 1545 2210 sacri-

172 2229 282 2290 legio
308 2231 493 2293 separati
510 2240 627 2285 sunt,
656 2230 817 2293 quibus
837 2230 986 2292 utique
1000 2230 1145 2275 obesse
1161 2248 1248 2276 non
1269 2245 1442 2295 possent
1461 2235 1546 2280 cri-

173 2301 289 2345 mina
321 2300 548 2355 Italorum,
576 2300 889 2363 Hispanorum,
927 2310 1052 2362 atque
1088 2300 1332 2358 Gallorum,
1352 2304 1481 2349 etiam
1510 2305 1545 2350 si

172 2387 271 2415 vera
289 2370 552 2432 dicerentur)
579 2387 588 2414 :
608 2373 700 2429 jam
719 2380 896 2415 caeteras
923 2379 1055 2414 terras
1081 2386 1199 2415 caeco
1218 2388 1353 2429 more,
1374 2374 1442 2419 vel
1461 2392 1546 2438 po·-

173 2441 256 2486 tius
277 2440 421 2485 furore
441 2450 644 2500 arguunt,
677 2450 719 2484 et
743 2439 800 2484 eis
823 2439 1070 2484 irascuntur
1090 2457 1100 2484 :
1122 2461 1142 2482 ι(
1170 2441 1285 2498 Quia
1310 2459 1412 2488 cum
1445 2444 1546 2490 duae

222 2533 232 2554 ¹
251 2534 349 2565 Varie
367 2535 521 2576 scriptum
536 2533 675 2565 occurrit
691 2533 722 2564 in
739 2532 877 2575 antiquis
891 2533 1062 2570 codicibus,
1083 2546 1155 2568 raro
1176 2538 1382 2578 Melchimles,
1401 2541 1550 2583 fsequen-

175 2586 235 2618 tius
254 2586 420 2618 Miltiades
432 2610 440 2625 ,
457 2592 512 2618 aut
529 2586 704 2618 Melciades
718 2609 727 2626 ,
743 2596 798 2618 seu
814 2586 1017 2618 Meletiades.

304 2654 522 2684 CXXXVIII.
1391 2664 1419 2707 9
