1894 3154
315 265 368 294 DE
405 264 623 295 BAPTISMO
661 264 832 294 CONTRA
874 264 1161 302 DONATISTAS,
1203 265 1288 296 HR.
1335 266 1363 296 1.
1462 251 1545 297 5251

185 339 345 391 praeter
364 329 599 374 Ecclesiam
620 328 910 376 dimissionem
931 338 1209 390 pcccatorum
1230 330 1417 391 Spiritus
1436 346 1556 375 sanc-

188 410 253 444 tus
268 410 485 462 operatur.
510 399 565 443 Et
583 400 615 443 si
634 409 779 444 nostra
803 399 1054 444 communio
1078 409 1138 443 est
1159 399 1352 444 Ecclesia
1369 399 1550 454 Christi,

185 486 273 514 non
290 480 351 513 est
376 468 568 513 Ecclesia
590 468 754 514 Christi
774 479 910 515 vestra
927 468 1191 514 communio.
1216 469 1312 514 Una
1337 479 1398 514 cst
1414 469 1525 514 enim
1540 505 1551 524 ‚

185 555 479 602 quaecumque
505 538 577 584 illa
602 539 677 595 sit,
705 539 758 584 de
790 556 875 602 qua
908 538 1074 594 dictum
1099 549 1159 584 est
1182 557 1191 583 :
1231 560 1250 579 «
1272 539 1367 584 Una
1395 549 1456 584 est
1477 556 1556 584 co—

187 630 208 651 »
224 610 375 655 lumba
391 627 484 655 mea
496 647 506 666 ‚
528 627 613 656 una
630 622 693 656 est
708 611 837 656 matri
854 609 970 655 suael
993 627 1004 654 :
1026 632 1044 651 υ
1060 627 1137 656 nec
1154 621 1336 673 possunt
1351 610 1556 656 Ecclesiae

189 690 250 724 tot
272 697 380 736 csse,
419 691 528 743 quot
555 681 801 727 schismata.
833 680 877 725 Si
907 690 1050 726 autem
1083 680 1340 736 dixerimus,
1377 697 1464 726 non
1493 679 1558 725 ibi

186 749 348 796 dimitti
366 762 544 814 peccata
567 769 577 797 ε
600 753 730 812 Ergo,
757 752 988 814 inquiunt,
1011 768 1098 796 non
1117 763 1178 797 est
1199 751 1288 797 illic
1307 756 1433 797 verus
1449 751 1560 813 bap-

191 820 362 874 tismus;
389 831 429 866 et
457 833 687 885 propterea
710 839 818 885 quos
840 840 863 867 a
885 821 1012 866 nobis
1038 822 1254 885 suscipitis
1270 859 1280 876 ‚
1306 838 1380 867 vos
1409 821 1562 883 bapti-

187 907 283 936 zare
303 890 498 945 debetis3
524 892 642 955 quod
667 892 770 955 quia
795 908 883 936 non
903 890 1069 947 facitis,
1097 890 1142 935 in
1176 891 1368 936 Ecclesia
1397 889 1562 935 Christi

188 976 262 1005 vos
285 977 373 1005 non
396 977 482 1005 esse
505 959 714 1006 fatemini.

252 1030 370 1076 XVI.
395 1030 471 1075 His
490 1030 550 1075 ita
566 1031 801 1075 resistimus
817 1065 827 1084 ‚
851 1028 1091 1074 secundum
1114 1029 1361 1092 Scripturas
1377 1065 1388 1085 ,
1410 1045 1480 1074 eos
1497 1027 1562 1073 in-

188 1111 451 1160 terrogantes
470 1138 480 1157 ,
510 1112 556 1146 ut
578 1100 699 1164 quod
724 1119 744 1146 a
770 1101 897 1145 nobis
917 1110 1120 1163 quaerunt
1136 1137 1146 1156 ‚
1174 1100 1357 1163 sibiipsi
1377 1116 1562 1162 respon-

189 1169 332 1217 deant.
364 1171 523 1226 Quaero
547 1171 660 1216 enim
686 1182 732 1216 ut
769 1170 944 1225 dicant,
974 1180 1122 1215 utrum
1151 1169 1428 1215 dimittantur
1454 1186 1563 1232 pec-

193 1251 289 1286 cata
313 1241 390 1286 ubi
416 1241 607 1286 charitas
625 1258 712 1286 non
734 1252 808 1287 est.
837 1241 1021 1285 Peccata
1042 1241 1155 1285 enim
1181 1240 1370 1285 tenebrae
1394 1240 1564 1284 anima-

190 1328 288 1358 rum
314 1321 427 1358 sunt.
468 1312 684 1357 Audimus
715 1312 881 1374 quippe
915 1312 1126 1356 «loannem
1155 1311 1368 1356 dicentem
1393 1328 1404 1355 ε
1431 1331 1452 1351 α
1478 1309 1568 1365 Qui

193 1401 213 1422 ›>
234 1380 515 1426 oditfratrem
531 1398 676 1436 suum,
693 1381 739 1426 in
759 1381 946 1426 tenebris
962 1392 1022 1425 est
1038 1397 1170 1443 usque
1193 1380 1379 1427 adhuc2.
1406 1401 1426 1421 »
1446 1378 1567 1424 Nulli

193 1461 335 1496 autem
359 1451 592 1496 schismata
616 1450 806 1496 facerent
822 1487 832 1507 ,
855 1451 888 1495 si
910 1450 1097 1495 fraterno
1129 1449 1229 1496 odio
1260 1468 1349 1495 non
1371 1466 1566 1495 excaeca-

192 1532 355 1568 rentur.
386 1521 431 1566 Si
464 1539 562 1580 ergo
593 1522 779 1567 dicimus
798 1558 807 1576 ,
839 1539 925 1566 non
947 1522 1011 1566 ihi
1035 1522 1197 1567 dimitti
1220 1532 1425 1584 peccata3
1453 1537 1568 1584 quo-

193 1590 324 1635 modo
347 1591 582 1636 renascitur
601 1592 677 1654 qui
697 1591 812 1653 apud
841 1608 910 1636 eos
929 1591 1210 1653 baptizatur?
1233 1591 1351 1647 Quid
1372 1602 1434 1636 est
1453 1591 1567 1636 enim

194 1662 356 1706 renasci
380 1677 457 1724 per
479 1661 747 1723 baptismum
766 1698 775 1715 ‚
804 1661 886 1706 nisi
907 1680 930 1705 a
948 1672 1159 1706 vetustate
1192 1661 1417 1708 renovari?
1442 1663 1569 1716 Quo*-

193 1731 323 1777 modo
339 1742 480 1776 autem
497 1742 727 1779 renovatur
749 1750 771 1776 a
795 1742 1007 1777 vetustate
1029 1770 1039 1787 ‚
1064 1733 1133 1778 cui
1151 1743 1333 1794 peccata
1351 1732 1570 1794 praeterita

195 1819 284 1847 non
300 1801 614 1847 dimittuntur?
638 1801 769 1857 Quod
788 1802 821 1846 si
838 1813 1009 1846 renatus
1030 1819 1117 1846 non
1135 1813 1197 1847 est
1215 1839 1225 1857 ,
1248 1819 1327 1846 nec
1344 1801 1570 1847 Christum

196 1871 366 1927 induit,
385 1888 430 1916 ex
452 1888 539 1934 quo
561 1872 793 1917 conficitur
814 1881 862 1916 ut
879 1870 1021 1916 denuo
1036 1871 1328 1934 baptizandus
1349 1871 1572 1917 videatur?

199 1942 318 1998 Quia'
339 1941 446 1987 dicit
466 1941 699 2004 Apostolus
723 1959 733 1986 :
762 1962 782 1982 α
802 1941 1032 2003 Quotquot
1055 1941 1170 1986 enim
1190 1941 1236 1986 in
1262 1941 1439 1986 Christo
1462 1941 1575 2003 bap-

198 2034 219 2054 »
240 2012 354 2057 tizati
371 2012 467 2057 estis
484 2049 494 2068 ‚
517 2012 746 2057 Christum
770 2011 970 2057 induistis
985 2012 1002 2040 3
1027 2030 1036 2057 ε
1060 2033 1079 2053 »
1103 2029 1233 2074 quem
1258 2011 1330 2056 ille
1350 2011 1384 2056 si
1407 2028 1495 2056 non
1512 2011 1578 2055 in-

198 2082 319 2138 duit‚
356 2099 435 2127 nec
470 2082 515 2127 iu
551 2082 728 2127 Christo
766 2082 1014 2145 baptizatus
1054 2081 1286 2127 habendus
1321 2092 1396 2127 est.
1438 2082 1574 2125 Porro

200 2154 300 2214 quia
318 2153 363 2197 iu
380 2152 556 2197 Christo
575 2151 762 2197 dicimus
781 2152 1056 2214 baptizatum
1069 2187 1079 2204 ‚
1105 2150 1291 2195 fatemur
1311 2167 1408 2195 eum
1428 2149 1580 2195 Chris-

203 2233 293 2267 tum
318 2221 506 2267 induisse
530 2239 540 2266 ε
562 2232 602 2266 ct
631 2222 666 2266 si
695 2222 782 2266 hoc
807 2221 1017 2275 fatemur,
1049 2230 1342 2278 regeneratum
1373 2218 1573 2266 fatemur.

204 2290 337 2347 Quod
361 2291 395 2335 si
418 2291 477 2335 ita
501 2301 585 2344 est,
613 2302 654 2335 et
676 2301 854 2353 peccata
881 2290 1055 2334 dimissa
1077 2299 1190 2334 sunt.
1222 2288 1456 2344 Quomodo
1479 2305 1579 2348 ergo

203 2361 310 2406 dicit
329 2364 510 2405 joannes
534 2378 544 2404 ε
572 2382 591 2401 α
615 2361 703 2416 Qui
724 2360 818 2405 odit
837 2359 1012 2405 fratrem
1043 2375 1166 2403 suum
1183 2395 1194 2409 ,
1221 2358 1266 2403 in
1288 2359 1475 2403 tenebris
1493 2375 1583 2403 ma-

205 2451 226 2471 »
245 2440 317 2474 net
337 2446 472 2492 usque
491 2429 639 2475 adhuc
662 2448 672 2474 z
696 2447 728 2471 »>
751 2430 786 2474 si
808 2433 898 2487 jam
926 2428 1043 2473 facta
1070 2439 1132 2472 est
1161 2428 1351 2472 remissio
1371 2437 1580 2490 peccato-

206 2503 332 2545 rum?
359 2502 424 2546 An
460 2517 545 2545 non
572 2511 633 2545 est
665 2500 709 2544 in
739 2499 971 2544 schismate
996 2498 1147 2543 odium
1169 2497 1441 2543 fraternum?
1471 2497 1581 2553 Quis

257 2582 445 2617 ¹Cant.v1‚
463 2582 491 2610 8.
507 2599 548 2604 —-
565 2579 580 2602 2
602 2593 611 2611 1
634 2583 727 2611 ,ΙυηιιΔ
752 2591 789 2617 ιι,
811 2591 861 2614 ιι,
885 2599 920 2604 -—
942 2577 956 2601 3
974 2580 1076 2611 Galat.
1094 2591 1145 2617 111,
1169 2591 1224 2619 Ἂν),
