1894 3154
411 277 584 308 CONTRA
619 278 826 310 mTERAs
865 280 1108 321 maritimi,
1149 282 1234 314 Llss.
1279 285 1308 315 1.
1461 269 1554 325 465

183 345 350 405 Optato
363 342 470 405 quid
487 344 733 406 responsuri
747 355 861 400 sunt,
882 361 1012 407 quem
1031 346 1284 393 sceleratum
1304 347 1432 408 longo
1451 361 1556 395 tem-

182 430 288 476 pore
326 413 409 458 sibi
434 424 588 459 notum
620 414 828 460 damnare
866 415 1139 462 timuerunt?
1169 422 1258 463 Cur
1292 420 1367 481 qui
1392 420 1446 465 ab
1480 420 1556 467 illo

182 482 394 545 baptizati
426 493 551 540 sunt,
589 500 678 528 non
705 484 914 530 dicuntur
949 504 972 531 a
1007 496 1179 531 mortuo
1212 487 1459 549 baptizati?
1488 492 1555 535 An

182 550 280 596 ideo
304 551 502 608 vivebat,
530 553 650 616 quod
676 554 781 600 fides
804 555 868 600 illi
904 556 1058 601 Comes
1079 555 1226 602 611111.ὒ
1253 557 1384 613 Quod
1421 556 1559 604 facete.

183 630 225 666 et
247 620 459 680 eleganter
490 640 512 667 a
544 623 688 669 nescio
724 641 812 687 quo
849 625 1057 688 primario
1095 625 1256 685 collega
1289 644 1365 672 suo
1390 627 1559 675 dictum

183 690 322 736 solent
340 693 469 737 etiam
487 692 571 755 ipsi
589 696 755 752 jactare
775 706 904 758 atque
932 695 1110 741 laudare
1128 733 1138 752 ‚
1166 713 1254 741 non
1277 697 1560 757 intelligentes

184 761 298 806 exitu
323 761 465 807 Goliae
486 764 808 825 superbissimi,
831 782 907 811 suo
927 766 1010 811 sibi
1030 766 1174 826 gladio
1201 778 1336 829 caput
1359 768 1553 816 ausen-12.

249 831 328 877 XI.
374 832 595 877 Postremo
628 833 662 878 si
685 851 822 897 neque
857 834 1079 881 occultum
1113 835 1394 893 sceleratum,
1423 854 1561 900 neque

184 899 458 947 manifestum
480 939 490 957 ‚
520 904 596 965 qui
632 914 773 951 tamen
800 905 855 950 ab
891 905 949 950 eis
986 905 1184 951 nondum
1223 905 1451 952 damnatus
1476 909 1556 965 sit,

185 970 339 1017 Volunt
357 972 576 1035 appellare
594 984 816 1019 mortuum
836 1011 847 1030 ‚
877 975 948 1020 sed
967 986 1008 1020 et
1026 975 1300 1021 manifestum
1319 986 1361 1020 et
1384 976 1563 1022 damna-

188 1052 278 1086 tum
298 1079 308 1096 ,
337 1053 383 1087 111
407 1043 602 1105 quisquis
629 1044 683 1088 ab
704 1061 752 1089 eo
777 1045 1056 1107 baptizatur,
1083 1045 1175 1108 ipse
1199 1063 1221 1089 a
1245 1056 1419 1091 mortuo
1443 1046 1561 1109 bap-

187 1112 365 1168 tizetur,
407 1123 448 1157 et
483 1112 595 1157 nihil
629 1114 666 1158 ei
701 1115 839 1176 prosit
873 1114 1094 1160 lavacrum
1129 1118 1252 1173 ejus:
1292 1116 1369 1177 qui
1401 1115 1562 1162 dicturi

186 1193 287 1227 sunt
320 1181 373 1227 de
405 1182 456 1227 iis
475 1219 485 1235 ,
513 1199 621 1245 quos
657 1204 678 1224 α
698 1183 888 1229 Plenarii
913 1184 1117 1230 6011611113
1143 1184 1208 1229 5111
1232 1201 1304 1229 016
1331 1185 1522 1230 veridico
1542 1207 1563 1227 >›

187 1266 290 1296 cum
317 1251 577 1296 Maximiano
599 1263 641 1297 et
661 1252 825 1298 caeteris
850 1257 939 1313 ejus
968 1253 1293 1298 ordinatoribus
1325 1254 1566 1302 damnave-

186 1332 315 1377 runt,
347 1321 535 1366 Felician
545 1338 616 1366 um
640 1322 739 1367 dico
757 1325 1046 1368 Mustitanum
1065 1360 1077 1378 ,
1102 1334 1144 1368 61
1162 1326 1467 1370 Praetextatum
1487 1327 1564 1371 As-

187 1393 431 1439 suritanum
451 1429 462 1448 ,
494 1390 546 1436 de
583 1392 743 1454 quibus
766 1392 940 1438 interim
963 1393 1120 1455 loquor
1139 1430 1150 1449 ‚
1175 1394 1251 1456 qui
1281 1406 1567 1441 numerantur

184 1462 300 1510 inter
318 1462 547 1507 duodecim
568 1461 818 1506 Maximiani
837 1461 1124 1517 ordinatores,
1139 1473 1180 1507 et
1197 1474 1406 1508 erectores
1423 1465 1567 1510 altaris

188 1542 341 1578 contra
367 1549 516 1577 eorum
541 1531 698 1586 altare,
739 1532 810 1577 cui
837 1532 1084 1577 Primianus
1122 1533 1309 1578 assistit?
1345 1535 1418 1579 Isti
1454 1546 1568 1581 certe

189 1602 245 1648 ab
266 1602 324 1647 eis
347 1601 458 1647 inter
483 1612 673 1647 mortuos
699 1600 982 1664 deputantur.
1012 1601 1149 1647 'l‘estis
1170 1612 1231 1647 est
1254 1602 1368 1648 illius
1390 1605 1569 1650 concilii

188 1689 336 1719 eorum
352 1671 552 1718 videlicet
566 1671 778 1735 praeclara
795 1672 1021 1723 sententia‚
1039 1688 1139 1733 quae
1153 1671 1375 1734 quondam
1392 1674 1569 1736 quando

192 1744 310 1808 apud
329 1761 397 1789 eos
422 1742 696 1788 decernenda
721 1742 900 1787 recitata
918 1753 979 1788 est
994 1780 1004 1797 ,
1029 1759 1099 1787 016
1122 1742 1330 1788 latissimo
1356 1745 1570 1790 acclama-

188 1825 374 1869 verunt3
403 1831 521 1859 nunc
547 1823 690 1858 autem
716 1812 750 1857 si
773 1811 883 1857 forte
909 1812 966 1857 eis
992 1830 1015 1856 a
1038 1811 1165 1856 nobis
1198 1812 1377 1858 recitata
1410 1814 1568 1872 fuerit,

191 1886 501 1930 obmutescunt
521 1921 532 1940 ,
562 1900 663 1928 611111
684 1882 831 1945 potius
848 1899 936 1927 non
955 1899 1048 1927 eam
1074 1881 1279 1927 deberent
1297 1883 1440 1945 primo
1460 1902 1571 1944 gau-

192 1954 292 2000 dere
331 1954 535 2000 disertam
557 1990 566 2009 ‚
609 1970 662 1998 116
696 1963 844 2014 postea
882 1951 1137 2014 plangerent
1173 1951 1454 1999 diffamatam.
1500 1955 1572 2000 lbi

192 2027 360 2089 quippe
379 2025 432 2070 de
458 2023 783 2069 Maximianistis
817 2039 840 2066 a
873 2021 1092 2066 consortio
1129 2037 1218 2067 suae
1256 2024 1573 2069 communionis

194 2095 372 2142 exclusis
390 2094 449 2139 ita
472 2093 628 2138 dicunt
654 2110 664 2136 z
690 2112 710 2132 «
735 2090 867 2147 Quod
886 2090 1074 2136 veridica
1096 2090 1212 2135 unda
1230 2091 1275 2135 in
1295 2109 1465 2154 asperos
1481 2110 1574 2139 sco-

195 2166 323 2229 pulos
348 2162 660 2209 nonnullorum
683 2159 893 2219 naufraga
917 2162 1112 2222 projecta
1147 2170 1247 2204 sunt
1278 2162 1475 2207 membra
1491 2200 1501 2218 ‚
1530 2174 1571 2208 et

198 2234 502 2298 AEgyptiorum
524 2230 764 2277 admodum
784 2229 979 2292 exemplo
999 2265 1009 2284 ,
1048 2229 1323 2291 pereuntium
1344 2229 1572 2279 funeribus

197 2305 327 2370 plena
345 2313 444 2349 sunt
469 2301 613 2347 littora
629 2337 639 2356 ,
662 2300 824 2364 quibus
839 2299 885 2344 in
909 2299 1002 2360 ipsa
1023 2309 1159 2344 morte
1178 2303 1316 2359 major
1336 2311 1397 2345 est
1416 2318 1566 2364 poena,

199 2374 320 2439 quod
345 2383 443 2437 post
466 2381 675 2417 extortam
696 2369 818 2433 aquis
843 2368 1072 2413 ultricibus
1097 2370 1303 2425 animam,
1329 2387 1408 2415 nec
1431 2371 1572 2434 ipsam

201 2444 429 2490 inveniunt
452 2441 734 2506 sepulturam.
760 2461 780 2481 ›>
806 2440 872 2485 Ita
895 2438 1071 2503 quidem
1095 2439 1164 2484 isti
1185 2439 1396 2486 insultant
1430 2443 1572 2489 schis—

250 2544 344 2572 Forte
359 2539 537 2581 legendum,
555 2538 646 2580 quod
664 2540 749 2568 Deus
767 2536 814 2566 illi
831 2537 941 2568 Comes
959 2543 1030 2566 erat
1043 2546 1055 2564 .·
1073 2534 1164 2567 sicuti
1182 2541 1294 2580 postea
1310 2536 1370 2571 lib.
1392 2548 1409 2568 2
1429 2548 1496 2581 cap.
1519 2542 1575 2572 23.

208 2597 259 2634 ὃς.
280 2599 311 2625 et
336 2594 407 2624 103.
422 2609 467 2615 -
483 2590 498 2612 2
521 2602 532 2621 ι
553 2593 630 2631 Reg.
651 2601 727 2629 xvix,
746 2591 801 2624 51.
817 2606 860 2616 -
875 2586 889 2614 3
907 2587 1097 2630 Bagaiensjs.

368 2658 584 2689 (xxxxvm.
1391 2643 1449 2685 30
