1894 3154
270 301 325 332 DE
364 298 584 332 BAI‘TISMO
619 301 789 332 CONTRA
829 301 1119 342 DONATISTA59
1158 304 1244 333 Lm.
1286 305 1366 336 ΠΙ.
1441 290 1526 346 45ῑ

165 364 298 412 verba
323 365 439 412 beati
471 365 682 428 Cypriani
712 364 908 410 indicant
931 382 1027 410 eum
1056 377 1096 411 et
1125 366 1376 415 intellexisse
1399 381 1441 416 et
1470 371 1536 416 di-

166 435 311 482 lexisse
345 435 544 484 decorem
574 434 730 480 domus
761 435 863 490 Dei,
888 452 1020 498 quam
1050 435 1231 482 domum
1255 456 1303 484 ex
1327 443 1542 489 unanimis

168 517 210 553 et
228 506 522 558 concordibus
546 516 741 552 constare
765 506 995 553 affirmavit
1010 544 1020 562 ‚
1057 518 1097 552 et
1121 507 1271 554 docuit
1294 513 1537 559 testimonio

168 578 432 641 prophetico
450 614 462 633 ,
499 588 541 622 et
570 577 880 636 significatione
913 588 1282 627 sacramentorum
1322 599 1331 625 :
1369 582 1414 627 in
1453 601 1542 647 qua

170 648 322 710 utique
346 665 434 697 non
457 658 581 693 erant
602 646 667 692 illi
693 647 855 703 invidi,
884 658 925 693 et
959 647 1048 695 sine
1075 648 1287 695 charitate
1310 652 1538 711 malevoli,

171 718 248 781 qui
274 729 417 772 tamen
450 718 749 781 baptizabant.
791 719 851 766 Ex
884 735 971 781 quo
1005 729 1187 781 apparet
1219 731 1260 764 et
1288 721 1332 766 in
1363 724 1421 768 eis
1455 741 1542 770 esse

172 805 296 852 posse
313 825 324 845 2
353 799 481 852 atque
499 789 555 834 ab
576 789 634 834 eis
656 789 750 834 dari
768 806 890 852 posse
912 800 1231 840 sacramentnm
1258 792 1445 850 Christi,
1471 795 1547 858 qui

174 876 263 904 non
287 870 388 911 sunt
407 860 452 905 in
472 859 662 912 Ecclesia
680 860 867 915 Christi,
892 861 936 909 in
953 878 1039 923 qua
1057 878 1145 906 non
1164 862 1246 907 nisi
1268 865 1490 911 unanimes
1507 877 1549 915 et

176 930 412 984 concordes
437 930 639 976 habitare
667 932 916 995 Cyprianus
934 932 1025 994 ipse
1049 942 1244 979 testatur.
1271 935 1418 998 Neque
1434 938 1548 985 enim

177 1000 324 1046 saltem
345 1001 433 1046 hoc
453 1001 542 1051 dici
559 1012 725 1063 potest,
756 1013 862 1050 tunc
880 1002 1104 1064 baptizare
1121 1020 1244 1065 posse
1263 1021 1363 1050 cum
1383 1006 1546 1053 latent:
1565 1028 1568 1029 ⁷

177 1072 387 1134 quoniam
411 1071 476 1121 illi
513 1071 704 1118 Paulum
727 1072 970 1135 apostolum
996 1090 1083 1117 non
1117 1073 1340 1131 latebant,
1368 1094 1476 1139 quos
1506 1079 1550 1124 in

178 1139 377 1203 Epistola
400 1157 477 1186 sua
493 1141 791 1187 veracissimus
808 1143 923 1187 testis
942 1153 1082 1196 notat,
1103 1154 1146 1187 et
1162 1144 1346 1202 gaudere
1360 1163 1401 1191 se
1421 1148 1551 1207 dicit,

181 1211 390 1273 quoniam
416 1222 458 1259 et
482 1211 565 1275 ipsi
592 1212 818 1259 Christum
845 1213 1175 1260 annuntiabant.
1207 1216 1267 1260 De
1298 1216 1366 1262 his
1390 1220 1558 1284 quippe

183 1281 243 1331 ait
267 1298 279 1326 z
307 1303 329 1330 α,
349 1281 447 1329 Sive
464 1283 688 1330 occasione
703 1320 713 1339 ‚
734 1283 821 1328 sive
837 1283 1014 1328 veritate
1035 1283 1234 1329 Christus
1259 1290 1556 1349 annuntietur,

183 1371 203 1393 ν,
219 1361 262 1403 et
287 1350 332 1401 in
358 1351 445 1397 hoc
470 1351 636 1412 gaudeo
654 1389 665 1408 ,
694 1352 766 1398 sed
787 1363 829 1398 et
844 1352 1043 1412 gaudebo
1060 1351 1091 1399 ².
1116 1374 1136 1394 »

250 1422 411 1472 XCIX.
451 1423 626 1481 Quibus
658 1423 862 1471 omnibus
883 1416 1191 1480 consideratis,
1226 1437 1335 1488 puto
1369 1445 1436 1474 me
1471 1448 1559 1478 non

186 1503 343 1544 temere
364 1492 506 1543 dicere
524 1530 535 1549 ‚
563 1493 667 1538 alios
698 1494 759 1540 ita
782 1511 867 1539 esse
897 1494 943 1539 in
966 1493 1097 1539 domo
1127 1495 1207 1539 Dei
1224 1532 1234 1548 ‚
1262 1507 1311 1541 ut
1334 1498 1415 1561 ipsi
1434 1501 1563 1548 etiam

187 1563 274 1612 sint
299 1562 449 1608 eadem
470 1563 625 1612 domus
648 1564 754 1619 Dei,
783 1581 882 1627 quae
908 1563 1071 1610 dicitur
1100 1565 1310 1612 aedificari
1334 1585 1464 1632 super
1488 1590 1563 1635 pe-

189 1633 348 1689 tram2‚
370 1650 471 1697 quae
489 1633 617 1679 unica
634 1634 839 1689 columba
863 1634 1110 1697 appellatur
1129 1672 1139 1689 ,
1166 1652 1266 1699 quae
1288 1654 1442 1700 sponsa
1460 1643 1560 1704 pul-

192 1703 301 1755 chra
336 1704 426 1753 sine
458 1704 630 1750 macula
667 1716 708 1750 et
739 1721 868 1764 ruga,
908 1716 949 1750 et
982 1705 1138 1750 hortus
1172 1707 1429 1766 conclusus,
1468 1711 1564 1759 fons

193 1775 383 1834 signatus
400 1810 410 1829 ‚
437 1784 594 1837 puteus
619 1791 744 1837 aquae
766 1775 902 1829 vivae,
930 1774 1156 1837 paradisus
1193 1793 1293 1822 cum
1316 1777 1464 1826 fructu
1489 1801 1568 1846 po.

194 1862 366 1895 morum
387 1862 397 1889 t
428 1861 528 1907 quae
547 1844 700 1890 domus
718 1845 845 1893 etiam
867 1844 1005 1892 claves
1027 1846 1217 1908 accepit,
1239 1864 1289 1892 ac
1309 1860 1563 1911 potestatem

192 1915 387 1965 solvendi
417 1925 458 1961 et
477 1914 680 1975 ligandiss.
714 1916 841 1961 Hanc
863 1915 1043 1963 domum
1068 1916 1102 1960 si
1126 1917 1222 1978 quis
1255 1920 1563 1983 corripientem

192 1986 562 2048 corrigentemque
585 1986 915 2048 contempserit,
949 1986 1002 2032 sit
1027 1985 1132 2041 tibi,
1168 1986 1331 2049 inquit,
1358 2000 1565 2055 tanquam

192 2056 392 2101 ethnicus
418 2066 459 2105 et
492 2055 800 2118 publicanus&
830 2057 892 2103 De
911 2056 995 2101 hac
1025 2055 1155 2104 domo
1177 2093 1187 2110 ‚
1209 2057 1374 2104 dicitur
1397 2079 1406 2104 ι
1432 2083 1451 2103 κ
1477 2065 1562 2110 ΒΟ,

193 2148 214 2168 »
231 2127 347 2172 mine
364 2164 374 2182 ‚
399 2126 527 2171 dilexi
549 2125 747 2171 decorem
772 2126 928 2171 domus
953 2136 1041 2171 tuae
1058 2163 1069 2179 ‚
1096 2136 1138 2171 et
1154 2125 1303 2173 locum
1328 2129 1561 2179 habitatio*

193 2218 215 2239 n
231 2197 296 2243 nis
319 2195 466 2256 gloriae
493 2205 576 2241 tuae
596 2195 628 2241 5.
654 2217 674 2237 >2
699 2197 754 2241 Et
775 2232 785 2251 ‚
811 2217 831 2236 (ι
852 2196 941 2252 Qui
977 2195 1179 2241 habitare
1201 2195 1306 2242 facit
1339 2203 1562 2252 unanimes

193 2289 214 2309 ι)
234 2267 280 2313 in
303 2266 435 2315 domo
451 2266 482 2312 6,
509 2287 528 2307 »
546 2267 628 2322 Et,
651 2287 670 2307 α
690 2266 966 2313 Jucundatus
983 2283 1077 2311 sum
1094 2267 1139 2312 in
1160 2267 1228 2311 his
1244 2285 1344 2330 quae
1365 2271 1563 2323 dixerunt

193 2359 214 2388 η
234 2337 369 2392 mihi,
387 2337 431 2382 in
450 2336 627 2381 domum
644 2337 822 2382 Domini
840 2336 1040 2383 ibimus?
1053 2358 1072 2378 ›>
1090 2338 1162 2392 Et,
1180 2358 1200 2378 «
1214 2338 1420 2404 Beatiqui
1437 2343 1563 2393 habi-

194 2432 215 2454 »
235 2420 329 2458 tant
345 2409 390 2454 in
405 2408 536 2454 domo
556 2418 647 2463 tua,
666 2409 868 2463 Domine,
890 2409 935 2454 in
955 2408 1115 2454 saecula
1139 2409 1396 2458 saeculorum
1412 2414 1562 2464 lauda-

193 2504 214 2526 »
233 2481 349 2529 hunt
363 2479 421 2529 te8
434 2497 445 2525 ε
458 2501 478 2522 »
492 2490 534 2527 et
546 2479 886 2528 innumerabilia
898 2479 1012 2526 talia.
1029 2483 1136 2525 Haec
1147 2479 1302 2526 domus
1312 2483 1440 2531 etiam
1454 2488 1563 2536 triti-

241 2582 253 2611 1,
274 2579 394 2624 Philip.
412 2592 442 2619 1,
463 2581 517 2614 18,
531 2597 578 2604 —
594 2578 609 2602 2
628 2579 743 2612 Mauh.
758 2591 826 2621 xvr,
848 2581 899 2611 18.
916 2597 962 2603 —
979 2577 993 2601 3
1010 2578 1094 2611 thid.
1117 2590 1167 2619 19.
1185 2597 1232 2603 —
1254 2577 1444 2623 ⁴1d.xv111‚
1463 2599 1565 2629 17·-

195 2633 210 2659 5
227 2635 309 2669 Psal.
324 2645 400 2674 xxv,
415 2635 445 2665 8.
460 2651 504 2658 —
519 2630 534 2655 6
549 2633 596 2664 Id.
613 2644 714 2672 vaxt,
733 2645 764 2673 7.
786 2650 830 2656 -
849 2631 862 2654 ⁷
879 2632 928 2664 Id.
947 2644 1033 2676 cxxx,
1057 2644 1086 2667 x.
1104 2651 1145 2657 —
1159 2630 1175 2656 ὃ
1189 2633 1240 2668 ld.
1253 2645 1397 2678 nxxxrn,
1418 2639 1448 2670 5.

1363 2704 1439 2752 29.
