1894 3154
297 276 353 309 nn
390 275 611 310 BAPTISMO
647 276 822 309 CONTRA
857 275 1150 320 D0NAT1srAs,
1187 278 1274 312 ma.
1315 280 1375 313 1v.
1451 268 1542 330 317

169 360 258 390 non
279 343 400 390 aliter
415 343 637 399 intellexit,
656 343 768 389 sicut
783 341 888 399 dixi,
910 342 965 388 ad
984 343 1278 391 Antonianum
1303 348 1538 405 scribens1‚

168 414 248 460 ubi
271 415 331 460 ait
357 433 366 460 :
402 435 421 456 c<
442 415 530 459 Nec
561 414 646 459 sibi
669 413 770 460 novi
793 413 840 458 in
871 413 957 459 hoc
991 414 1187 461 haeretici
1221 417 1533 472 blandiantur,

167 483 288 547 quod
304 501 345 529 se
361 483 510 529 dicant
530 483 770 529 idololatris
788 500 876 528 non
893 485 1214 532 communicare
1229 506 1240 540 ς
1260 487 1438 550 quando
1457 488 1541 532 sint

168 563 210 598 et
229 553 349 617 apud
369 553 464 599 illos
487 553 672 600 adulteri
691 591 701 610 ,
729 564 770 599 et
791 553 1059 600 fraudatores
1084 556 1161 618 qui
1190 566 1419 602 teneantur
1441 557 1541 602 ido-

166 623 350 669 lolatriae
371 625 596 670 crimine?
634 625 731 670 Hoc
762 624 875 669 enim
913 624 1062 670 scitote
1095 626 1378 686 intelligentes
1397 664 1408 684 ,
1439 627 1543 690 quia

167 695 305 738 omnis
330 693 567 740 fornicator
585 732 596 751 ,
621 705 696 740 aut
721 695 974 740 immundus
991 732 1001 751 ‚
1033 707 1107 741 aut
1139 696 1393 754 fraudator,
1424 697 1543 760 quod

167 774 228 808 est
249 763 478 810 idololatra
500 802 510 821 ,
545 782 632 810 non
660 765 797 810 habet
824 765 1126 811 haereditatem
1147 767 1191 812 in
1220 785 1351 827 regno
1374 768 1542 812 Christi

166 844 208 879 et
219 835 314 881 Dei.
336 836 391 880 Et
407 836 580 881 iterum:
599 858 618 877 α
634 835 893 881 Mortificate
911 836 1057 899 itaque
1076 837 1273 881 membra
1286 847 1424 883 vestra
1444 854 1544 899 quae

170 915 272 950 sunt
298 922 426 969 super
446 917 604 952 terram
620 943 630 962 ‚
655 905 986 952 fornicationem
1001 943 1012 962 ,
1033 907 1359 952 immunditiam
1385 918 1425 951 et
1443 924 1545 952 con—

168 975 484 1039 cupiscentiam
509 977 667 1022 malam
686 1014 697 1032 ‚
717 987 759 1022 et
782 977 1006 1022 avaritiam
1029 994 1130 1040 quae
1149 987 1211 1022 est
1228 977 1445 1022 idolorum
1463 994 1545 1022 ser-

165 1046 323 1092 vitusss.
351 1068 371 1088 2>
405 1047 567 1103 Quaero
600 1064 699 1106 ergo
723 1047 819 1109 quis
843 1058 994 1109 peccet
1019 1047 1214 1106 gravius,
1248 1048 1326 1111 qui
1355 1047 1547 1093 nesciens

165 1115 211 1161 in
229 1116 429 1162 haeresim
451 1117 707 1172 incurrerit,
737 1135 790 1162 an
816 1116 892 1180 qui
916 1117 1052 1162 sciens
1077 1118 1133 1162 ab
1155 1118 1352 1173 avaritia,
1384 1117 1429 1162 id
1461 1127 1540 1172 est,

168 1185 224 1230 ab
246 1184 491 1231 idololatria
508 1203 596 1231 non
610 1187 826 1231 recesserit
839 1192 855 1231 Ξ)
874 1186 1125 1232 Secundum
1145 1186 1322 1249 quidem
1341 1187 1458 1231 illam
1479 1205 1542 1233 re-

168 1256 313 1317 gulam
337 1274 423 1319 qua
446 1268 627 1320 peccata
647 1258 874 1303 scientium
900 1258 1090 1320 peccatis
1113 1258 1409 1317 ignorantium
1429 1276 1542 1321 prae-

168 1338 395 1390 ponuntur
413 1365 423 1383 ,
455 1344 607 1373 avarus
625 1345 726 1373 cum
752 1329 928 1373 scientia
954 1328 1091 1373 vincit
1118 1328 1163 1372 in
1188 1327 1359 1374 scelere.
1388 1329 1471 1373 Sed
1493 1346 1545 1373 ne

167 1397 277 1443 forte
294 1398 381 1443 hoc
404 1398 535 1443 faciat
553 1398 597 1444 in
614 1398 768 1443 haeresi
786 1397 955 1444 sceleris
972 1398 1108 1461 ipsius
1128 1398 1400 1457 magnitudo,
1425 1398 1543 1461 quod

169 1467 273 1513 facit
309 1469 354 1513 in
389 1468 569 1514 avaritia
604 1469 774 1514 scientis
813 1468 1043 1523 admissio,
1086 1469 1321 1514 haereticus
1354 1470 1546 1514 nesciens

172 1556 299 1584 avaro
333 1539 483 1583 scienti
518 1550 769 1602 coaequetur
793 1557 803 1583 :
829 1556 1083 1603 quanquam
1107 1556 1194 1584 non
1228 1539 1314 1584 hoc
1348 1539 1547 1585 videatur

172 1608 395 1654 ostendere
430 1609 748 1665 testimonium,
784 1609 904 1672 quod
938 1610 1030 1672 ipse
1067 1626 1115 1653 ex
1141 1608 1349 1672 Apostolo
1379 1611 1539 1672 posuit.

173 1679 293 1735 Quid
313 1679 425 1724 enim
441 1679 486 1724 in
506 1679 721 1724 haereticis
738 1679 819 1724 nisi
835 1678 1130 1741 blasphemias
1150 1678 1413 1724 detestamur
1425 1683 1441 1724 Ξ)
1463 1680 1546 1724 Vo-

171 1749 260 1794 lens
280 1760 420 1795 autem
438 1749 730 1794 demonstrare
750 1749 805 1794 ad
825 1749 1076 1794 facilitatem
1097 1750 1235 1794 veniae
1258 1749 1546 1808 ignorantiam

172 1819 387 1882 pertinere
420 1819 618 1882 peccati,
650 1819 944 1865 testimonium
970 1819 1117 1882 posuit
1145 1836 1193 1864 ex
1231 1820 1440 1881 Apostolo
1470 1821 1512 1865 ul
1535 1820 1549 1865 i

176 1890 234 1934 ait
257 1908 266 1934 :
292 1911 312 1932 ε(
331 1890 419 1946 Qui
439 1890 561 1953 prius
584 1888 648 1935 fui
667 1889 951 1953 blasphemus
971 1927 981 1946 ,
1011 1900 1053 1934 et
1073 1900 1328 1951 persecutor
1343 1927 1354 1945 ,
1376 1901 1417 1935 et
1437 1891 1549 1949 inju-

174 1982 195 2004 ›>
213 1960 348 2006 riosus
366 1998 376 2016 ,
405 1960 477 2005 sed
502 1959 841 2006 misericordiam
865 1970 1122 2005 consecutus
1146 1976 1238 2004 sum
1259 1996 1270 2015 ,
1298 1960 1398 2022 quia
1422 1961 1551 2020 igno-

174 2052 195 2072 »
213 2048 310 2076 rans
333 2029 456 2076 fecilu
483 2051 503 2071 »
530 2029 615 2074 Sed
633 2029 667 2075 si
682 2040 866 2093 possunt
882 2067 892 2084 ,
916 2040 964 2075 ut
987 2029 1071 2075 dixi
1088 2067 1098 2086 ,
1125 2029 1355 2074 amborum
1372 2041 1553 2093 peccata

175 2100 402 2164 aequaliter
423 2099 729 2163 appendantur
743 2137 755 2157 ,
777 2100 1015 2159 ignorantis
1034 2098 1310 2161 blasphemia
1329 2135 1340 2154 ,
1361 2110 1403 2143 et
1420 2100 1551 2144 scien-

176 2171 229 2216 tis
253 2171 527 2227 idololatria,
560 2181 601 2215 et
633 2170 783 2216 eadem
816 2170 1026 2216 sententia
1055 2168 1335 2228 judicentur,
1371 2169 1443 2214 ille
1476 2171 1554 2233 qui

179 2241 404 2286 Christum
435 2240 671 2304 quaerendo
699 2241 746 2286 in
774 2241 863 2287 veri
895 2239 1077 2285 similem
1097 2255 1334 2284 sermonem
1360 2239 1557 2286 falsitatis

176 2311 390 2367 incurrit,
419 2321 460 2356 et
483 2310 554 2356 ille
585 2310 661 2373 qui
693 2310 828 2356 sciens
858 2310 1035 2355 Christo
1065 2308 1220 2354 resistit
1249 2308 1444 2372 loquenti
1478 2328 1558 2374 per

179 2381 437 2445 Apostolum
461 2399 472 2426 z
507 2403 527 2423 «
554 2381 774 2438 Quoniam
799 2380 936 2426 omnis
961 2379 1223 2436 fornicator,
1259 2390 1333 2424 aut
1358 2380 1555 2426 immun-

180 2474 201 2495 »
219 2452 299 2498 dus
313 2489 326 2510 ,
350 2463 425 2498 aut
446 2468 599 2500 avarus
612 2489 623 2509 ,
645 2450 765 2516 quod
783 2461 844 2496 est
862 2449 1082 2496 idolorum
1099 2450 1301 2508 servitus,
1319 2467 1408 2497 non
1421 2451 1558 2497 hahet

229 2560 391 2605 ¹Epistol.
409 2561 464 2597 55.
484 2579 527 2587 —
545 2559 560 2585 ²
573 2559 692 2609 Ephes.
714 2571 744 2607 v²
763 2561 795 2595 5.
809 2576 852 2586 —
871 2556 886 2587 3
899 2559 1023 2608 Coloss.
1040 2570 1093 2606 111²
1114 2559 1145 2595 5.
1159 2577 1206 2585 —
1224 2557 1239 2586 4
1258 2570 1274 2607 ξ
1290 2559 1372 2595 Tim.
1390 2571 1419 2606 x,
1439 2558 1512 2605 ¹3¹}
1532 2559 1559 2605 3
