1894 3154
344 250 360 281 1
373 237 432 292 24
759 252 794 281 s.
839 248 1081 279 AUGUSTINI
1117 247 1320 278 Emscori

337 328 399 362 set
434 317 632 362 simulata
663 314 909 362 innocentia
946 313 1145 376 decipere
1185 313 1397 376 popu105‚
1432 330 1707 378 nequaquam

337 386 516 432 unitatis
543 387 766 432 vinculum
799 396 1086 447 rumperetur.
1121 386 1269 446 Neque
1297 384 1410 428 enim
1435 385 1537 430 etin
1563 385 1708 432 Africa

336 458 456 503 fieret
487 458 574 503 hoc
608 469 696 503 tam
728 457 916 501 immane
949 455 1220 517 praecisionis
1251 454 1436 510 malum,
1472 455 1553 500 nisi
1575 456 1708 515 magis

335 528 467 573 factio
490 528 595 573 falsa
615 527 893 587 fingentium,
924 542 1053 587 quam
1094 527 1201 570 ratio
1225 542 1322 569 vera
1354 525 1707 571 convincentium

335 598 605 660 praevaleret.

398 668 449 714 V.
480 669 643 727 Legant
661 667 737 730 qui
753 666 908 712 volunt
928 682 1027 728 quae
1046 676 1212 720 narret,
1236 676 1277 710 et
1294 665 1454 728 quibus
1473 665 1707 712 documen-

333 739 389 782 tis
409 753 543 800 quam
566 736 700 782 multa
727 736 985 800 persuadeat
1007 735 1263 781 venerabilis
1293 737 1511 781 memoriae
1534 737 1708 783 Milevi-

331 817 457 852 tanus
480 807 710 869 episcopus
739 806 970 851 catholicae.
1004 805 1322 850 communionis
1344 806 1588 868 Optatust,
1619 807 1706 852 sive

332 876 385 922 de
409 876 577 922 Lucilla
604 876 957 939 pecuniosissima
983 887 1086 921 tunc
1110 886 1152 921 et
1173 875 1472 921 factiosissima
1493 876 1674 922 foemina
1692 914 1702 932 ‚

331 963 464 1010 quam
487 964 566 1009 pro
588 946 794 991 Ecclesiae
815 945 1047 1008 disciplina
1072 957 1245 991 sanctus
1275 945 1535 991 Ca÷cilianus
1558 946 1706 992 adhuc

332 1016 541 1061 diaconus
557 1016 751 1070 laeserat3
786 1016 850 1061 vel
873 1016 926 1060 dc
947 1016 1113 1061 caeteris
1136 1015 1334 1060 factionis
1374 1019 1408 1075 (j
1419 1033 1463 1061 us
1491 1017 1706 1062 consorti-

330 1086 438 1142 bus,
467 1086 552 1131 sive
575 1086 746 1131 furibus
770 1086 1045 1130 ecclesiastici
1069 1086 1263 1144 argenti,
1291 1087 1376 1130 sire
1402 1086 1453 1131 ad
1474 1087 1706 1150 episcopa-

331 1165 424 1200 tum
445 1172 487 1200 se
504 1172 591 1201 non
609 1156 850 1218 pervenisse
869 1154 1119 1199 dolentibus
1138 1192 1148 1210 ,
1177 1166 1216 1200 et
1236 1156 1318 1200 sibi
1342 1155 1571 1218 praelatum
1605 1158 1707 1203 Cae-

329 1225 537 1270 cilianum
561 1224 728 1270 insidiis
759 1224 922 1288 quibus
948 1235 1152 1286 poterant
1178 1226 1510 1279 insectantib1153
1546 1227 1632 1272 sive
1653 1227 1706 1273 de

330 1294 533 1340 Numidis
550 1295 764 1357 episcopis
787 1311 895 1357 quos
924 1294 1002 1339 ista
1028 1295 1161 1340 factio
1194 1307 1509 1340 convocaverat
1531 1296 1583 1342 ad
1603 1315 1707 1360 per-

328 1364 485 1409 niciem
510 1363 733 1409 Caeciliani
754 1401 764 1419 ‚
799 1374 847 1409 ut
877 1363 952 1409 illo
972 1364 1170 1427 deposito
1201 1365 1306 1410 alter
1332 1366 1389 1410 eis
1413 1365 1699 1415 ordinaretur.

331 1435 419 1491 Qui
438 1434 654 1480 venientes
675 1451 773 1480 cum
796 1435 980 1497 primate
1000 1452 1075 1481 suo
1095 1446 1201 1481 tunc
1219 1436 1422 1481 Secundo
1448 1437 1703 1496 Tigisitan0‚

328 1515 372 1550 et
390 1504 484 1549 aliis
506 1504 667 1567 quibus
692 1504 936 1549 traditionis
958 1505 1149 1551 confessa
1166 1506 1347 1551 crimina
1372 1506 1598 1553 Secundus
1617 1509 1708 1571 ipse

329 1574 580 1630 donaverat,
600 1573 733 1620 veluti
756 1575 855 1637 paci
876 1575 1120 1631 consulens,
1141 1576 1254 1621 sicut
1271 1576 1561 1622 ecclesiastica-
1578 1578 1707 1624 Gesta

332 1654 571 1699 testantur,
602 1644 824 1689 absentem
851 1644 1139 1691 Caecilianum
1164 1646 1252 1690 sine
1283 1645 1372 1691 ulla
1399 1646 1604 1693 dilatione
1635 1648 1703 1694 di-

328 1714 563 1773 ligentioris
588 1713 880 1777 inquisitionis
897 1751 908 1769 ,
931 1714 1052 1760 nullo
1079 1716 1370 1778 responsionis
1391 1716 1488 1762 loco
1511 1729 1676 1764 servato
1692 1756 1704 1775 ‚

329 1783 578 1828 traditorem
598 1801 684 1828 esse
709 1794 968 1828 censuerunt
989 1802 999 1828 :
1031 1796 1081 1830 ut
1109 1786 1147 1830 ei
1172 1785 1374 1831 videlicet
1407 1786 1604 1833 obessent
1624 1789 1708 1834 ab-

330 1853 435 1897 senti
465 1852 708 1898 traditionis
728 1853 910 1898 crimina
929 1854 1234 1900 tantummodo
1251 1856 1424 1914 objecta
1442 1893 1453 1912 ,
1477 1873 1578 1902 cum
1598 1859 1707 1904 sibi-

326 1923 519 1986 metipsis
541 1933 774 1985 praesentes
795 1923 988 1969 confessa
1006 1924 1276 1971 donaverint.
1304 1927 1368 1970 lta
1386 1937 1537 1972 contra
1562 1929 1709 1974 seden-

328 2003 412 2037 tem
427 1993 472 2037 in
485 1992 714 2049 cathedra,
732 1993 802 2038 cui
821 2003 934 2038 totus
954 1994 1072 2039 orbis
1088 1994 1362 2040 Christianus
1382 1996 1425 2040 in
1441 1999 1707 2044 trasnlarinis

327 2073 368 2108 et
397 2062 522 2121 longe
547 2063 722 2108 remotis
744 2067 868 2108 terris
885 2101 895 2118 ,
928 2074 969 2108 et
992 2064 1036 2108 in
1061 2064 1166 2127 ipsis
1196 2063 1413 2110 Africanis
1439 2067 1708 2126 gravioribus

327 2144 369 2178 et
394 2132 598 2178 adversus
615 2133 828 2193 ejusmodi
850 2133 1040 2179 fallacias
1067 2135 1390 2181 robustioribus
1411 2138 1707 2184 communica-

328 2204 418 2248 ret2
453 2202 681 2259 Ecclesiis‚
725 2204 980 2267 episcopum
1017 2203 1233 2249 alterum-⁹³
1276 2205 1614 2264 ordinaverunt,
1660 2218 1708 2253 ut

325 2283 500 2337 possent
528 2290 610 2335 pro
638 2291 715 2319 suo
742 2274 858 2319 facto
891 2273 1187 2320 contradicere
1220 2276 1582 2338 promissionibus
1600 2278 1702 2333 Dei,

325 2360 378 2388 ne
403 2343 448 2387 in
478 2343 637 2388 semine
665 2344 857 2390 Abrahae
889 2343 1248 2390 benedicerentur
1274 2362 1421 2391 omnes
1455 2357 1623 2406 gentes3
1658 2359 1706 2394 ut

324 2429 393 2458 eas
417 2411 545 2457 etiam
568 2423 713 2475 partes
737 2413 855 2459 orbis
879 2424 1091 2459 terrarum
1122 2432 1145 2459 a
1174 2414 1459 2460 traditoribus
1485 2416 1599 2462 Afris
1631 2416 1705 2462 in-

365 2508 376 2529 1
394 2506 479 2537 Vide
498 2507 568 2541 Lib.
590 2519 617 2539 1.
633 2514 747 2541 contra
766 2510 1023 2542 Parmenianum.
1042 2527 1085 2534 -
1106 2508 1121 2531 ²
1144 2512 1237 2541 Forte
1256 2509 1525 2543 communicabat.
1543 2529 1586 2536 -—
1604 2509 1618 2534 3
1632 2510 1701 2544 Ma-

321 2569 478 2602 Jormum.
