1894 3154
331 261 387 293 DE
423 260 646 293 BAPrlsMo
682 258 857 292 CONTRA
892 259 1183 303 DONAT1srAs,
1224 261 1311 294 mn.
1354 263 1414 295 1v.
1489 248 1582 306 345

205 328 316 375 cisus
336 340 417 386 est,
440 327 660 392 praecessit
678 326 948 387 signaculum
966 326 1149 386 justitiae
1168 327 1294 382 fidei3
1318 330 1583 393 etquoniam

206 400 341 463 patris
361 399 491 445 fidem
512 398 705 443 imitatus
728 408 789 443 est
808 435 819 455 ‚
847 408 991 443 secuta
1009 408 1070 443 est
1088 397 1133 442 in
1151 410 1364 444 crescente
1388 401 1583 463 ipsajus-

206 471 323 525 titia,
353 473 476 528 cujus
510 467 778 528 signaculum
812 468 857 513 in
887 468 1051 513 infante
1082 480 1361 531 praecesserat
1395 488 1405 514 :
1442 472 1502 516 ita
1536 471 1582 517 in

204 539 435 602 baptizatis
458 538 697 584 infantibus
727 537 939 601 praecedit
972 539 1302 598 regenerationis
1333 557 1584 586 sacramen-

209 621 326 663 tum3
376 620 418 655 et
451 609 484 654 si
519 609 799 654 christianam
849 609 1062 654 tenuerint
1098 610 1336 672 pietatem,
1387 621 1586 674 sequetur

204 681 332 726 etiam
354 680 400 725 in
427 680 557 725 corde
583 679 804 727 conversio
821 716 831 736 ,
865 683 989 739 cujus
1020 680 1274 742 mysterium
1299 681 1521 743 praecessit
1538 681 1584 726 in

205 767 400 814 corpore.
438 752 493 795 Et
511 752 623 796 sicut
644 751 689 796 in
717 750 791 796 illo
811 750 975 796 latrone
994 750 1113 814 quod
1140 768 1187 796 ex
1206 751 1416 814 baptismi
1436 769 1582 798 sacra-

204 832 349 866 mento
368 821 561 867 defuerat
585 820 818 884 complevit
841 820 1151 884 omnipotentis
1176 821 1422 881 benignitas
1441 859 1452 876 ,
1480 821 1586 885 quia

204 908 290 936 non
316 891 520 954 superbia
548 891 616 937 vel
650 901 934 954 contemptu,
968 890 1040 936 sed
1065 891 1314 936 necessitate
1348 891 1542 936 defuerat
1569 909 1580 936 z

206 962 266 1006 sic
292 961 338 1006 in
365 961 607 1006 infantibus
634 961 710 1023 qui
735 961 946 1023 baptizati
976 961 1224 1006 moriuntur
1242 998 1253 1017 ‚
1281 960 1429 1006 eadem
1452 960 1588 1020 gratia

207 1032 531 1095 Omnipotentis
553 1031 734 1093 implere
763 1031 979 1076 credenda
1003 1042 1088 1087 est,
1114 1031 1234 1094 quod
1259 1048 1347 1076 non
1379 1048 1425 1076 ex
1453 1031 1590 1093 impia

203 1101 427 1147 voluntate
442 1138 452 1157 ‚
480 1101 552 1146 sed
575 1118 623 1146 ex
643 1101 781 1146 aetatis
801 1100 1039 1160 indigentia
1058 1138 1068 1157 ,
1090 1118 1168 1146 nec
1187 1102 1317 1147 corde
1342 1101 1514 1147 credere
1532 1100 1588 1146 ad

199 1172 411 1232 justitiam
439 1183 646 1235 possunt,
687 1189 766 1217 nec
805 1189 876 1217 ore
913 1172 1112 1217 confiteri
1151 1172 1204 1218 ad
1244 1173 1440 1218 salutem.
1483 1172 1587 1217 Ideo

206 1259 305 1287 cum
328 1243 400 1287 alii
421 1260 503 1305 pro
528 1243 586 1287 eis
604 1242 897 1306 respondent,
924 1252 972 1287 ut
998 1241 1235 1305 impleatur
1262 1260 1361 1302 erga
1384 1259 1454 1288 eos
1479 1242 1588 1287 cele*-

204 1312 349 1356 bratio
366 1313 646 1368 sacramenti,
670 1312 784 1357 valet
805 1312 955 1375 utique
973 1311 1027 1356 ad
1049 1329 1200 1358 eorum
1218 1312 1587 1358 consecrationem

207 1382 308 1445 quia
334 1382 418 1444 ipsi
447 1382 705 1446 respondere
731 1400 819 1427 non
836 1393 1031 1445 possunt.
1067 1386 1125 1427 At
1143 1383 1177 1428 si
1202 1400 1284 1446 pro
1312 1400 1360 1428 eo
1398 1383 1475 1446 qui
1497 1399 1588 1428 res—

206 1453 398 1516 pondere
435 1464 576 1516 potest
600 1453 707 1498 alius
738 1453 1020 1516 respondeat,
1057 1470 1144 1498 non
1177 1453 1329 1499 itidem
1359 1453 1486 1499 valet.
1528 1455 1589 1498 Ex

206 1541 293 1587 qua
310 1524 456 1583 regula
481 1524 590 1570 illud
618 1523 662 1569 in
693 1525 927 1584 Evangelio
962 1524 1131 1569 dictum
1156 1535 1243 1580 est,
1284 1524 1405 1588 quod
1443 1541 1589 1569 omnes

208 1610 307 1638 cum
330 1594 488 1653 legitur
505 1594 758 1640 naturaliter
777 1605 921 1641 movet
942 1612 952 1639 ι
978 1615 998 1636 α
1013 1596 1196 1640 AEtatem
1214 1595 1374 1651 habet,
1398 1595 1488 1658 ipse
1507 1610 1588 1658 pro

207 1683 229 1704 >³
246 1681 287 1709 se
308 1664 516 1727 loquatur
530 1665 564 1713 1.
596 1688 616 1707 ))

260 1736 452 1780 XXXII.
487 1735 661 1791 Quibus
690 1736 820 1782 rebus
846 1736 1049 1782 omnibus
1085 1735 1326 1781 ostenditur
1350 1734 1469 1780 aliud
1503 1751 1589 1780 esse

209 1816 527 1850 sacramentum
558 1806 793 1869 baptismi,
824 1806 943 1852 aliud
969 1806 1289 1852 conversionem
1320 1805 1488 1862 cordis,
1517 1804 1590 1850 sed

208 1873 389 1919 salutem
416 1875 607 1920 hominis
631 1893 679 1921 ex
698 1886 885 1939 utroque
910 1876 1121 1939 compleri
1143 1894 1153 1920 :
1189 1893 1268 1921 nec
1292 1876 1325 1921 si
1345 1892 1479 1921 unum
1503 1875 1590 1920 110-

209 1960 307 1989 rum
335 1944 537 2000 defuerit,
563 1945 660 1991 ideo
684 1956 840 2008 putare
866 1946 1075 1991 debemus
1102 1963 1367 2009 consequens
1392 1962 1478 1991 esse
1498 1982 1508 2001 ‚
1544 1955 1593 1989 ut

210 2025 252 2060 et
271 2015 453 2060 alterum
474 2015 610 2070 desit;
657 2017 758 2079 quia
776 2027 818 2062 et
840 2016 951 2062 illud
974 2017 1063 2063 sine
1086 2017 1168 2062 isto
1192 2027 1335 2080 potest
1356 2033 1440 2062 esse
1458 2016 1502 2061 111
1518 2015 1591 2060 in-

209 2084 342 2141 fante,
374 2097 415 2131 et
428 2085 515 2131 hoc
542 2087 629 2131 sine
653 2086 727 2132 illo
753 2087 899 2150 potuit
926 2104 1012 2132 esse
1042 2087 1088 2132 in
1117 2087 1283 2132 latrone
1300 2124 1310 2142 ‚
1346 2086 1592 2148 complente

212 2155 303 2199 Deo
330 2155 480 2200 sivein
503 2156 596 2211 illo,
620 2157 706 2201 sive
729 2157 775 2202 in
806 2158 913 2214 isto,
938 2157 1058 2220 quod
1082 2174 1170 2202 non
1198 2174 1243 2201 ex
1270 2156 1491 2202 voluntate
1511 2155 1590 2200 de-

210 2223 358 2269 fuisset
378 2241 389 2269 :
413 2242 512 2270 cum
538 2242 639 2271 vero
668 2243 716 2271 ex
739 2226 960 2272 voluntate
982 2227 1166 2272 alterum
1190 2227 1351 2272 horum
1376 2225 1560 2271 defuerit
1578 2261 1589 2280 ‚

212 2304 335 2339 reatu
353 2294 575 2340 hominem
593 2295 771 2343 involvi.
799 2298 854 2342 Et
876 2297 1121 2359 baptismus
1146 2296 1322 2359 quidem
1349 2306 1492 2359 potest
1520 2296 1592 2341 in-

213 2380 300 2408 esse
312 2364 387 2408 ubi
403 2365 623 2410 conversio
643 2365 786 2411 cordis
804 2366 991 2412 defuerit
1011 2384 1021 2410 :
1051 2367 1273 2412 conversio
1294 2377 1435 2412 autem
1451 2365 1593 2412 cordis

213 2443 356 2496 potest
382 2434 558 2496 quidem
593 2435 728 2481 inesse
755 2453 843 2481 non
867 2447 1077 2499 percepto
1109 2436 1328 2499 baptismo
1346 2473 1357 2492 ,
1385 2435 1457 2481 sed
1482 2452 1592 2481 con-

216 2513 383 2567 tempto
415 2521 503 2550 non
532 2516 690 2569 potest.
722 2507 872 2571 Neque
902 2507 1016 2554 enim
1050 2507 1140 2554 ullo
1169 2507 1300 2554 modo
1325 2506 1511 2556 dicenda
1534 2514 1597 2553 est

265 2588 443 2631 ¹Joan.1x,
465 2601 519 2624 12.
