1894 3154
589 289 641 317 DE
677 288 931 329 TRIMTATE,
970 291 1055 321 Lm.
1098 294 1169 322 xv.
1502 300 1561 346 97

199 355 352 416 unguit
382 352 584 399 Ecclesia.
613 353 703 398 Nec
721 370 819 399 sane
844 364 947 400 tunc
971 367 1127 402 unctus
1152 367 1211 402 cst
1235 358 1434 405 Christus
1462 361 1565 425 Spi-

196 429 281 474 ritu
302 435 465 477 sancto,
484 422 659 485 quando
676 440 806 486 super
821 441 919 469 eum
939 426 1210 489 baptizatum
1226 428 1343 473 velut
1361 430 1565 480 columba

195 493 478 541 descendit'1:
506 503 610 538 tunc
632 493 745 538 enim
785 511 944 557 corpus
967 513 1093 541 suum
1110 534 1119 552 ,
1146 497 1189 542 id
1216 508 1299 553 est,
1328 500 1563 548 Ecclesiam

195 583 313 611 suam
338 564 616 628 praefigurare
649 563 850 622 dignatus
872 575 933 609 est
951 602 961 620 ‚
984 565 1029 610 in
1052 583 1138 629 qua
1162 568 1386 630 prs-ecipue
1411 571 1565 634 bapti-

196 636 276 681 zati
296 633 520 696 accipiunt
537 632 748 695 Spiritum
766 644 962 679 sanctum
984 653 994 679 :
1016 636 1085 680 sed
1106 636 1186 681 ista
1200 639 1379 700 mystica
1399 651 1440 685 et
1453 641 1566 688 invi-

195 706 309 753 sibili
324 705 525 750 unctione
544 704 967 764 tuncintelligendus
985 718 1045 751 est
1070 718 1243 764 unctus,
1267 711 1442 771 quando
1465 713 1568 758 Ver-

193 777 302 822 bum
325 775 407 820 Dei
424 791 523 819 caro
538 774 701 818 factum
715 784 776 819 est
787 774 822 830 2,
848 774 984 830 idest,
1000 777 1177 838 quando
1203 778 1395 824 humana
1409 792 1565 829 natura

193 847 282 892 sine
322 845 420 891 ullis
453 843 804 907 praecedentibus
826 844 1043 890 bonorum
1067 863 1248 908 operum
1276 850 1436 897 meritis
1471 853 1563 898 Deo

194 917 339 963 Verbo
352 927 414 961 est
436 916 481 961 in
502 926 621 960 utero
645 913 829 972 Virginis
844 915 1063 977 copulata‚
1083 917 1142 961 ita
1158 928 1205 962 ut
1229 935 1328 964 cum
1349 920 1422 965 illo
1445 923 1564 968 fieret

194 1005 279 1033 una
299 1004 496 1050 persona.
528 985 602 1030 Ob
626 984 711 1028 hoc
734 1001 829 1029 cum
854 987 1112 1030 confitemur
1137 997 1285 1033 natum
1315 989 1368 1035 dc
1395 992 1564 1055 Spiritu

193 1067 339 1103 sancto
353 1068 394 1101 et
408 1055 573 1115 virgine
594 1054 746 1100 Maria.
779 1055 1151 1100 Absurdissimum
1170 1068 1232 1102 est
1244 1059 1357 1104 enim
1375 1098 1385 1116 ‚
1411 1072 1459 1106 ut
1477 1080 1570 1108 cre-

194 1128 347 1174 damus
367 1143 464 1172 eum
485 1142 586 1170 cum
604 1127 692 1183 jam
717 1124 891 1184 triginta
911 1137 1016 1171 esset
1033 1144 1229 1172 amorum
1248 1128 1284 1184 3,
1310 1131 1432 1190 (ejus
1452 1135 1567 1178 enim

194 1200 331 1246 aetatis
346 1217 369 1244 a
393 1202 556 1242 Joanne
579 1194 825 1256 baptizatus
842 1195 953 1257 est),
979 1197 1191 1258 accepisse
1213 1198 1425 1260 Spiritum
1443 1219 1566 1248 sanc-

192 1283 283 1317 tum
302 1289 312 1315 :
333 1269 405 1315 sed
427 1268 585 1313 venisse
597 1265 722 1310 illum
740 1265 795 1310 ad
808 1266 1045 1328 baptisma,
1064 1268 1274 1313 sicutsine
1288 1269 1376 1314 ullo
1392 1273 1569 1318 omnino

191 1351 389 1404 peccato,
427 1339 487 1383 ita
516 1353 605 1382 non
628 1335 717 1380 sine
743 1335 911 1398 Spiritu
936 1346 1099 1382 sancto.
1134 1338 1178 1382 Si
1198 1338 1310 1383 enim
1337 1339 1390 1384 cle
1406 1339 1569 1387 famulo

191 1415 282 1471 eJus
321 1420 361 1455 et
379 1422 648 1472 praecursore
671 1406 767 1468 ipso
806 1409 970 1450 Joanne
1005 1408 1216 1470 scriptum
1246 1419 1334 1454 est:
1365 1411 1572 1474 «Spiritu

191 1503 212 1524 »
235 1491 384 1526 sancto
401 1478 643 1541 replebitur
664 1476 869 1536 jaminde
888 1477 942 1521 ab
963 1487 1084 1522 utero
1106 1479 1253 1524 matris
1270 1480 1406 1536 suae⁵‚
1425 1503 1445 1524 »
1464 1500 1572 1546 quo-

189 1552 305 1597 niam
318 1549 514 1614 quamvis
534 1548 766 1592 seminatus
780 1563 803 1590 a
819 1556 961 1608 patre,
985 1557 1126 1592 tamen
1142 1548 1354 1611 Spiritum
1372 1563 1571 1599 sanctum

190 1623 235 1668 in
260 1632 380 1666 utero
402 1619 612 1664 formatus
635 1616 804 1678 accepit
826 1633 836 1659 :
859 1616 965 1678 quid
991 1616 1044 1662 cle
1059 1617 1236 1664 homine
1255 1620 1570 1669 ChristointeL

189 1691 409 1751 ligendum
430 1699 492 1735 est
515 1688 581 1732 vel
599 1685 883 1740 credendum,
913 1690 1039 1746 cujus
1063 1689 1203 1733 carnis
1221 1689 1315 1751 ipsa
1340 1694 1568 1755 conceptio

190 1780 277 1808 non
302 1760 502 1815 carnalis,
531 1757 604 1804 sed
627 1756 829 1820 spiritalis
848 1756 958 1802 fuit?
987 1759 1036 1802 ln
1055 1775 1104 1803 eo
1125 1759 1252 1804 etiam
1278 1762 1397 1823 quod
1423 1762 1475 1808 de
1493 1763 1568 1809 illo

189 1834 401 1896 scriptum
419 1841 495 1884 est„
518 1827 637 1892 quod
653 1827 867 1889 acceperit
882 1846 904 1872 a
928 1829 1054 1873 Patre
1074 1830 1403 1891 promissionem
1424 1833 1569 1896 Spiri-

190 1915 258 1949 tus
286 1903 423 1949 sancti
445 1911 487 1946 et
507 1898 704 1945 effuderit
730 1897 766 1954 5,
792 1908 975 1961 utraque
995 1909 1149 1945 natura
1169 1911 1404 1947 monstrata
1426 1915 1506 1961 est,
1528 1915 1569 1950 et

188 1975 383 2020 humana
410 1971 574 2017 scilicet
598 1979 640 2014 et
669 1968 815 2013 divina
844 1985 854 2012 :
877 1969 1046 2031 accepit
1069 1970 1234 2032 quippe
1254 1981 1302 2016 ut
1324 1971 1476 2029 homo,
1503 1975 1570 2020 ef-

187 2044 303 2090 fudit
322 2053 370 2088 ut
395 2047 525 2088 Deus.
558 2041 646 2084 'Nos
670 2049 811 2084 autern
843 2039 1039 2101 accipere
1078 2040 1257 2103 quidem
1293 2042 1380 2088 hoc
1404 2043 1568 2090 donum

187 2130 416 2178 possumus
438 2128 520 2176 pro
539 2109 717 2155 modulo
731 2119 896 2163 nostro,
921 2109 1139 2155 effundere
1155 2122 1296 2156 autem
1308 2104 1446 2175 'super
1463 2110 1567 2161 alios

187 2202 277 2230 non
294 2185 443 2247 utique
465 2196 695 2244 possumus
711 2199 722 2233 3
741 2179 813 2225 sed
838 2190 885 2224 ut
912 2179 998 2224 hoc
1024 2180 1115 2233 fiat,
1143 2181 1279 2226 Deum
1304 2199 1434 2245 super
1456 2202 1525 2230 eos
1545 2203 1568 2232 a

188 2273 275 2319 quo
292 2255 379 2300 hoc
399 2253 584 2299 efficitur
620 2251 887 2296 invocamus.
1607 2250 1612 2254 '

251 2324 431 2372 XLVII.
457 2320 684 2384 Numquid
713 2337 812 2380 ergo
831 2337 1060 2383 possumus
1079 2337 1273 2383 quaerere
1297 2333 1442 2371 utrum
1470 2330 1563 2386 jam

186 2405 451 2460 processerat
473 2393 526 2439 de
542 2394 668 2438 Patre
683 2392 870 2455 Spiritus
886 2401 1060 2438 sanctus
1078 2392 1253 2454 quando
1271 2405 1397 2441 natus
1416 2409 1477 2443 est
1496 2399 1563 2443 Fi-

186 2468 286 2523 lius,
311 2484 365 2511 an
391 2464 585 2510 nondum
603 2472 885 2526 processerat,
905 2471 947 2506 et
969 2461 1043 2506 illo
1063 2473 1165 2507 nato
1183 2462 1238 2508 de
1261 2475 1445 2529 utroque
1456 2485 1558 2531 pro-

237 2566 378 2599 1Mauh.
399 2573 450 2605 m,
475 2565 590 2597 16,—
611 2561 626 2584 2
642 2565 735 2594 Joan.
766 2573 792 2599 1,
813 2567 866 2598 14.
892 2580 929 2585 —
955 2559 969 2583 3
992 2565 1066 2596 Luc.
1091 2574 1270 2603 111,21.—
1289 2560 1368 2597 ⁴1d.
1391 2577 1418 2604 1,
1443 2569 1493 2601 15,
1514 2587 1560 2594 .-

188 2620 202 2644 5
219 2623 291 2653 Act.
317 2629 352 2655 ¹1,
373 2622 428 2651 33.

325 2686 536 2715 cxxxviu.

1414 2713 1423 2732 l
