1894 3154
304 238 360 268 DE
398 236 623 269 BAPT1sno
660 237 835 278 CONTRA
870 236 1164 279 nonansras,
1203 238 1290 269 Lm.
1331 238 1414 271 vn.
1486 224 1580 285 427

207 302 296 349 rint
328 304 561 360 unitatem,
586 314 634 349 ut
661 321 769 367 quos
793 304 1150 366 praevaricatores
1172 304 1360 354 veritatis
1391 303 1582 349 arbitra-

208 373 371 419 bantur
389 411 399 430 ,
435 391 535 419 cum
558 375 616 418 eis
638 374 682 419 iu
715 375 878 419 unitate
898 385 1215 436 perseverantes
1232 411 1242 428 ,
1278 370 1333 436 ab
1363 374 1421 419 eis
1447 374 1584 436 pollui

210 447 298 488 non
327 444 539 489 timerent.
567 444 676 488 Nam
697 460 797 500 cum
823 443 893 488 isti
914 442 1087 488 dixisset
1111 461 1122 488 :
1158 465 1177 484 α
1197 442 1312 491 Illud
1337 443 1585 488 mirandum

210 524 297 570 est,
323 513 443 577 quod
462 513 639 576 quidam
665 514 799 559 nostri
816 509 1173 577 praevaricatores
1195 514 1386 564 veritatis
1404 514 1586 559 haereti--

211 583 271 628 cis
289 584 599 645 suffragantur,
626 594 667 630 et
694 583 952 630 Christianis
980 584 1285 640 adversantur,
1311 605 1330 634 2>
1356 583 1588 629 videbatur

212 668 297 699 esse
321 654 517 715 dicturus
542 674 552 700 :
581 656 819 719 Propterea
852 655 1123 702 decernimus
1148 655 1205 700 eis
1235 672 1324 700 non
1353 672 1438 700 esse
1464 671 1589 700 com-

212 724 545 772 municandum.
579 725 678 770 Non
702 726 789 771 hoc
814 725 946 781 dixit,
981 725 1053 770 sed
1079 725 1170 771 ait:
1206 725 1478 788 «Propterea
1511 723 1591 769 de-

214 794 430 840 cernimus
467 795 696 841 haereticos
730 795 1019 858 baptizandos
1052 813 1137 840 esse
1165 813 1174 839 :
1205 816 1224 836 »
1263 812 1434 840 servans
1469 793 1590 857 quod

214 864 425 928 pacificus
452 866 700 929 Cyprianus
721 877 819 911 ante
840 876 1172 929 praestruxerat,
1197 865 1345 911 dicens
1370 882 1381 909 ε
1406 885 1426 905 α
1448 863 1592 909 {Nemi-

215 934 573 994 nenijudicantes
590 973 601 991 ,
630 946 704 980 aut
730 953 753 980 a
771 939 870 995 jure
897 935 1216 981 communionis
1254 935 1443 998 aliquem
1469 933 1503 978 si
1527 933 1593 979 di-

215 1020 386 1065 versum
405 1006 578 1050 senserit
596 1017 855 1051 amoventes.
878 1027 898 1046 n
925 1006 1038 1051 Cum
1069 1022 1168 1064 ergo
1201 1004 1440 1049 Donatistae
1466 1003 1594 1048 nobis

218 1074 566 1129 calumniantur,
589 1086 631 1120 et
651 1092 727 1120 nos
747 1075 900 1121 dicunt
924 1075 1148 1120 traditores
1165 1111 1176 1129 ,
1199 1074 1232 1119 si
1250 1075 1346 1137 quis
1363 1073 1512 1119 existat
1529 1072 1596 1118 vel

219 1144 401 1190 Judaeus
418 1145 486 1190 vel
505 1149 702 1206 paganus
716 1183 727 1201 ,
758 1146 835 1209 qui
860 1145 972 1191 lecto
991 1148 1073 1190 isto
1093 1144 1281 1190 concilio
1303 1155 1343 1189 et
1377 1161 1454 1189 nos
1473 1155 1513 1189 et
1532 1144 1598 1207 ip-

220 1233 286 1261 sos
306 1253 316 1269 ,
344 1216 583 1262 secundum
609 1234 759 1262 eorum
779 1217 947 1276 regulas
965 1254 976 1272 ,
1006 1216 1195 1262 veritatis
1217 1215 1407 1279 appellet
1422 1232 1599 1279 praeva-

220 1285 450 1340 ricatores,
478 1286 606 1332 velim
629 1287 738 1332 scire
763 1286 817 1331 ad
837 1286 923 1331 hoc
947 1297 1034 1331 tam
1069 1303 1196 1345 grave
1217 1287 1380 1331 crimen
1411 1284 1601 1330 refutan-

222 1354 328 1400 dum
351 1365 479 1418 atque
503 1355 760 1413 diluendum
788 1355 1010 1419 quomodo
1041 1356 1166 1400 nobis
1200 1354 1363 1415 agenda
1392 1356 1445 1400 sit
1475 1372 1602 1400 causa

224 1426 481 1473 communis.
518 1427 595 1483 Isti
627 1444 697 1472 eos
724 1425 881 1472 dicunt
915 1426 1169 1483 traditores,
1197 1443 1305 1489 quos
1344 1443 1484 1489 neque
1515 1425 1603 1471 ullo

226 1507 419 1559 tempore
447 1497 703 1542 convincere
724 1508 988 1559 potuerunt,
1013 1514 1153 1560 neque
1183 1513 1302 1546 nunc
1330 1506 1514 1559 possunt
1538 1513 1605 1541 os-

226 1566 423 1621 tendere,
442 1566 542 1611 etin
562 1566 711 1612 eodem
732 1567 911 1612 crimine
930 1567 1013 1630 ipsi
1032 1584 1117 1611 esse
1130 1566 1277 1629 potius
1297 1565 1598 1612 ostenduntur.

229 1636 314 1681 Sed
330 1636 439 1700 quid
459 1636 512 1681 ad
531 1640 637 1682 nos?
661 1638 722 1681 De
739 1637 829 1682 istis
849 1648 963 1682 certe
981 1636 1393 1699 praevaricatoribus
1415 1635 1522 1698 quid
1541 1634 1606 1680 di-

229 1708 402 1751 cemus)
429 1705 475 1751 Si
499 1706 614 1751 enim
637 1723 736 1762 nos,
772 1706 972 1770 quamvis
994 1705 1127 1761 falso,
1161 1717 1393 1769 propterea
1419 1706 1608 1751 dicimur

230 1775 487 1830 traditores,
512 1776 618 1854 quia
636 1777 922 1822 traditoribus
945 1793 1022 1821 nos
1050 1777 1096 1821 in
1125 1776 1273 1841 eadem
1299 1775 1608 1821 communione

231 1846 480 1892 successisse
495 1846 946 1910 criminantur3p1aex
950 1832 1237 1892 aricatoribus
1252 1845 1335 1897 illis
1353 1863 1499 1896 omnes
1516 1862 1611 1890 suc·

233 1915 464 1972 cessimus,
491 1916 597 1979 quia
618 1916 815 1962 nondum
843 1933 883 1961 se
909 1916 965 1961 ὼ
990 1918 1153 1961 unitate
1174 1916 1378 1961 diviserat
1397 1932 1496 1979 pars
1519 1916 1612 1960 Do-

233 1986 324 2031 nati
346 1953 464 2031 beati
484 1986 695 2049 Cypriani
718 1986 993 2050 temporibus
1005 1985 1037 2032 1.
1059 1990 1161 2031 Post
1182 1987 1422 2050 passionem
1445 1986 1613 2049 quippe

234 2061 324 2117 ejus
342 2056 658 2120 quadraginta,
687 2067 729 2102 et
747 2055 867 2119 quod
898 2056 1085 2101 excurrit
1104 2093 1114 2110 ,
1145 2056 1266 2101 annis
1288 2055 1474 2118 peractis
1492 2091 1502 2108 ,
1529 2065 1612 2099 tra·

236 2127 345 2190 ‘ditio
367 2126 572 2172 codicum
590 2126 704 2172 facta
729 2136 791 2171 est
808 2162 819 2182 ,
845 2125 962 2171 unde
983 2137 1214 2189 coeperunt
1232 2125 1441 2189 appellari
1462 2123 1619 2169 Tradi-

238 2200 363 2243 tor'es.
393 2197 439 2242 Si
463 2213 564 2256 ergo
587 2207 819 2259 propterea
850 2213 927 2241 nos
950 2196 1201 2252 traditores,
1229 2197 1332 2259 quia
1362 2213 1408 2241 ex
1437 2195 1618 2240 tradito-

238 2266 361 2313 ribus
378 2303 390 2324 ,
412 2267 525 2312 sicut
543 2267 780 2330 opinantur
798 2266 865 2313 vel
886 2267 1144 2326 confingunt
1159 2304 1169 2322 ,
1193 2266 1326 2311 exorti
1356 2282 1531 2320 sumus3
1564 2264 1619 2310 ab

239 2338 322 2384 illis
342 2337 756 2402 praevaricatoribus
774 2338 947 2401 utrique
966 2337 1174 2397 originem
1194 2337 1411 2383 ducimus.
1442 2336 1540 2381 Non
1558 2345 1621 2382 est

242 2408 355 2455 enim
374 2407 492 2471 quod
510 2406 682 2453 dicatur
697 2445 709 2465 ,
734 2425 823 2454 non
840 2407 898 2452 eis
921 2409 1261 2455 communicasse
1285 2408 1413 2461 istos;
1439 2405 1620 2470 quando

244 2482 340 2526 ”suos
361 2478 457 2525 illos
483 2489 672 2533 vocant3
709 2477 830 2543 quod
861 2477 1097 2525 concilium
1131 2478 1349 2543 quuitur,
1385 2477 1506 2542 quod
1540 2476 1624 2541 ipsi

293 2563 304 2587 ¹
321 2567 457 2607 Optatus
474 2562 531 2596 lib.
554 2575 582 2598 1.
600 2570 711 2598 contra
729 2562 986 2597 Parmeniauum.
