1894 3154
259 288 320 342 24
678 298 712 327 s.
755 294 998 325 AUGUSTINI
1035 291 1238 322 EPISCOPI

322 365 464 411 XVII.
509 365 571 409 De
598 361 846 408 visibilibus
880 360 1010 405 rebus
1047 357 1100 403 ad
1134 357 1251 402 hanc
1286 373 1375 402 rem
1412 371 1631 401 sumamus

257 435 515 498 exemplum.
547 432 666 478 Dicit
690 431 773 476 tibi
798 431 1015 493 quispiam
1048 445 1177 491 quem
1205 444 1292 472 non
1319 427 1587 485 re'cognoscis
1616 443 1627 469 ι

258 506 382 551 Nosti
405 522 472 550 me
502 522 513 549 ε
546 514 587 549 et
619 513 667 548 ut
692 511 988 555 commoneat,
1013 499 1122 544 dicit
1146 498 1247 552 ubi,
1280 498 1457 561 quando
1475 534 1484 551 ‚
1518 513 1632 559 quo-

259 575 389 620 modo
410 575 489 620 tibi
504 573 741 620 innotuerit
759 590 769 616 :
792 571 1080 633 omnibusque
1096 569 1307 614 adhibitis
1324 568 1453 627 signis
1469 567 1633 631 quibus

258 646 303 690 in
322 645 575 690 memoriam
591 642 801 688 revoceris
816 679 825 696 ‚
849 641 882 686 si
907 658 994 686 non
1018 638 1285 698 recognoscis
1306 675 1316 688 ,
1343 637 1403 683 ita
1413 641 1504 697 jam
1525 636 1634 681 obli-

260 726 329 759 tus
363 732 429 769 es,
468 724 516 759 ut
540 712 678 758 omnis
702 711 777 756 illa
808 711 962 756 notitia
988 709 1162 772 penitus
1197 707 1337 752 deleta
1369 707 1423 751 sit
1463 706 1630 759 animo3

260 782 459 844 nihilque
484 781 603 826 aliud
625 790 779 836 restat,
802 780 884 824 nisi
904 790 953 824 ut
970 777 1118 824 credas
1137 777 1175 822 ei
1194 777 1271 839 qui
1292 777 1373 821 tibi
1392 777 1478 821 hoc
1499 775 1629 831 dicit,

261 851 379 914 quod
398 850 633 914 aliquando
656 867 753 896 eum
779 866 981 901 noveras3
1003 857 1076 893 aut
1100 864 1152 892 ne
1170 846 1256 890 hoc
1274 846 1447 909 quidem
1467 883 1477 902 ,
1498 846 1531 890 si
1549 845 1634 890 fide

262 921 417 980 dignus
441 922 521 965 tibi
545 937 630 965 esse
654 920 731 982 qui
761 919 956 981 loquitur
988 934 1075 962 non
1101 916 1286 962 videtur.
1329 916 1372 960 Si
1397 925 1539 960 autem
1564 931 1635 960 re-

262 992 522 1047 minisceris,
556 989 752 1053 profecto
777 989 889 1034 redis
918 989 962 1033 in
993 987 1242 1032 memoriam
1280 997 1397 1030 tuam
1417 1023 1428 1041 ‚
1454 985 1561 1030 etin
1588 1002 1633 1030 ea

261 1061 428 1105 invenis
451 1060 570 1123 quod
598 1077 686 1105 non
708 1059 848 1104 fuerat
868 1059 1040 1121 penitus
1067 1056 1286 1102 oblivione
1310 1055 1513 1101 deletum.
1545 1056 1635 1099 Re—

264 1131 439 1175 deamus
466 1130 521 1175 ad
542 1129 652 1175 illud
670 1140 850 1193 propter
872 1131 990 1191 quod
1012 1127 1295 1172 adhibuimus
1311 1126 1517 1170 lnunanee
1535 1142 1635 1170 con-

264 1201 514 1246 versationis
527 1199 784 1262 exemplum.
806 1200 924 1244 Inter
938 1209 1093 1243 caetera
1112 1196 1308 1240 Psalmus
1325 1213 1367 1240 ix
1383 1213 1392 1239 :
1411 1217 1429 1236 α
1446 1196 1634 1240 Conver-

265 1292 284 1311 »
303 1282 466 1326 tantur,
483 1270 641 1333 inquit,
656 1280 903 1332 peccatores
917 1269 960 1313 in
975 1267 1208 1321 infernum,
1223 1283 1368 1311 omnes
1380 1276 1522 1325 gentes
1535 1282 1635 1328 (μω

264 1362 284 1381 >>
299 1340 619 1386 obliviscuntur
631 1338 806 1385 Deum1.
817 1361 837 1379 ³>
854 1340 987 1383 Porro
1004 1348 1144 1383 autem
1158 1336 1350 1381 Psalmus
1364 1335 1634 1380 xx1:«Com-

264 1431 284 1451 »
306 1410 698 1464 memorabuntur,
726 1409 892 1471 inquit,
919 1419 960 1453 et
984 1417 1292 1454 convertentur
1317 1405 1372 1450 ad
1402 1405 1634 1450 Dominum

265 1503 285 1522 >2
304 1481 491 1526 universi
514 1481 619 1525 fines
640 1481 808 1526 terrae².
833 1502 853 1521 ›>
880 1480 977 1524 Non
1002 1479 1134 1538 igitur
1149 1478 1207 1523 sic
1226 1487 1349 1522 erant
1372 1477 1522 1521 oblitae
1542 1478 1635 1521 istae

263 1562 405 1610 gentes
427 1553 590 1606 Deum,
624 1561 672 1595 ut
694 1554 784 1609 ejus
805 1568 881 1596 nec
910 1558 1261 1595 commemorata]
1284 1547 1628 1593 recordarentur.

265 1619 577 1666 Obliviscendo
603 1630 742 1664 autem
766 1621 904 1665 Deum
923 1656 933 1675 ‚
958 1629 1166 1681 tanquam
1186 1617 1482 1662 obliviscendo
1501 1612 1633 1661 vitam

263 1707 383 1735 suam
398 1727 408 1745 ‚
425 1706 644 1735 conversae
666 1688 838 1734 fuerant
851 1690 896 1734 in
915 1688 1218 1746 mortem2hoc
1236 1698 1314 1743 est,
1336 1688 1381 1731 iu
1396 1686 1628 1732 infernum.

266 1761 628 1805 Commcmoratae
639 1777 741 1805 vero
753 1770 1068 1806 convertuntur
1083 1759 1136 1804 ad
1155 1760 1408 1814 Dominum,
1428 1769 1635 1821 tanquam

266 1831 564 1875 reviviscentes
586 1830 901 1875 reminiscendo
925 1831 1058 1876 vitam
1085 1846 1202 1873 suam
1225 1865 1233 1883 ,
1262 1832 1385 1887 cujus
1406 1845 1474 1872 eas
1491 1828 1635 1872 habe-

263 1901 341 1945 bat
371 1900 549 1946 oblivio.
594 1903 702 1944 Item
734 1900 890 1959 legitur
918 1900 962 1944 in
992 1899 1163 1944 Psalmo
1187 1914 1294 1942 xcm
1321 1915 1331 1941 ε
1361 1919 1381 1937 κ
1408 1896 1635 1956 Intelligite

263 1991 283 2011 ›>
301 1987 419 2015 nune
442 1970 519 2032 qui
536 1969 786 2032 insipientes
808 1970 905 2014 estis
921 1969 966 2015 in
984 1968 1152 2032 populo
1169 2005 1179 2022 ,
1203 1978 1244 2012 et
1264 1966 1383 2012 stulti
1401 1967 1634 2030 aliquando

262 2061 282 2080 ›>
304 2039 440 2101 sapite
461 2056 471 2083 t
491 2038 579 2094 Qui
602 2039 815 2101 plantavit
833 2055 996 2096 aurem,
1018 2056 1104 2084 non
1127 2037 1331 2083 audietss‘?
1349 2058 1369 2078 »
1391 2048 1433 2082 et
1456 2047 1626 2084 caetera.

262 2111 335 2155 Eis
358 2110 472 2155 enim
497 2109 666 2155 dictum
685 2120 771 2167 est,
792 2110 869 2172 qui
889 2111 1029 2155 Deum
1047 2126 1134 2155 non
1154 2108 1431 2168 intelligendo
1450 2145 1460 2164 ‚
1485 2107 1538 2154 de
1558 2108 1632 2154 illo

260 2197 371 2226 rana
397 2179 610 2226 dixerunt.

325 2250 490 2294 XVllI.
533 2250 597 2294 De
620 2249 851 2295 dilectione
877 2260 1019 2296 autem
1041 2250 1121 2295 Dei
1143 2249 1271 2312 plura
1299 2249 1570 2312 reperiuntur
1587 2250 1634 2296 in

261 2320 420 2366 dix-inis
445 2319 640 2382 Eloquiis
662 2320 920 2367 testimonia.
960 2319 1030 2365 lbi
1060 2320 1175 2365 enim
1199 2330 1239 2365 et
1266 2320 1339 2364 illa
1368 2319 1455 2365 duo
1480 2337 1632 2365 conse—

260 2401 440 2454 quenter
463 2389 761 2449 intelliguntur
778 2427 789 2446 ,
820 2391 923 2454 quia
951 2407 1077 2436 nemo
1111 2389 1251 2449 diligit
1277 2394 1401 2450 cujus
1421 2407 1508 2435 non
1537 2408 1631 2436 me-

257 2461 383 2506 minit
400 2497 411 2515 ‚
436 2469 476 2504 et
499 2459 617 2523 quod
635 2460 807 2523 penitus
834 2461 981 2507 nescit.
1011 2458 1258 2505 Undeillud
1274 2470 1336 2505 est
1359 2460 1631 2505 notissimum

260 2530 623 2593 praecipuumque
651 2541 955 2594 praeceptum:
988 2552 1008 2573 <c
1037 2530 1197 2591 Diliges
1222 2530 1463 2577 Dominum
1490 2531 1628 2576 Deum

305 2612 317 2636 ¹
335 2611 795 2656 Psal.1x‚18.-21d.xx=,
817 2615 870 2646 28.
891 2633 934 2639 --
954 2611 1147 2658 31d.xc111‚
1170 2615 1202 2648 8.
