<?xml version="1.0" encoding="UTF-8"?>
<!DOCTYPE html PUBLIC "-//W3C//DTD XHTML 1.0 Transitional//EN"
    "http://www.w3.org/TR/xhtml1/DTD/xhtml1-transitional.dtd">
<html xmlns="http://www.w3.org/1999/xhtml" xml:lang="en" lang="en">
 <head>
  <title>
</title>
<meta http-equiv="Content-Type" content="text/html;charset=utf-8" />
  <meta name='ocr-system' content='tesseract 3.04.00' />
  <meta name='ocr-capabilities' content='ocr_page ocr_carea ocr_par ocr_line ocrx_word'/>
</head>
<body>
  <div class='ocr_page' id='page_1' title='image "./operaomniaaccura31auguuoft_0340.png"; bbox 0 0 1894 3154; ppageno 0'>
   <div class='ocr_carea' id='block_1_1' title="bbox 308 196 1292 246">
    <p class='ocr_par' dir='ltr' id='par_1_1' title="bbox 308 196 1292 246">
     <span class='ocr_line' id='line_1_1' title="bbox 308 196 1292 246; baseline 0 -3"><span class='ocrx_word' id='word_1_1' title='bbox 308 196 402 243; x_wconf 85' lang='lat'>330</span> <span class='ocrx_word' id='word_1_2' title='bbox 733 214 770 246; x_wconf 87' lang='lat' dir='ltr'>s.</span> <span class='ocrx_word' id='word_1_3' title='bbox 809 213 1054 246; x_wconf 67' lang='lat' dir='ltr'>mausum</span> <span class='ocrx_word' id='word_1_4' title='bbox 1089 212 1292 244; x_wconf 78' lang='lat' dir='ltr'>EPIscom</span> 
     </span>
    </p>
   </div>
   <div class='ocr_carea' id='block_1_2' title="bbox 301 278 1694 2576">
    <p class='ocr_par' dir='ltr' id='par_1_2' title="bbox 301 278 1694 2576">
     <span class='ocr_line' id='line_1_2' title="bbox 307 278 1685 345; baseline 0.005 -24"><span class='ocrx_word' id='word_1_5' title='bbox 307 287 534 339; x_wconf 84' lang='lat' dir='ltr'><strong>ruperant,</strong></span> <span class='ocrx_word' id='word_1_6' title='bbox 563 279 748 325; x_wconf 83' lang='lat' dir='ltr'><strong>ostendit</strong></span> <span class='ocrx_word' id='word_1_7' title='bbox 780 298 983 341; x_wconf 85' lang='lat' dir='ltr'>magnam</span> <span class='ocrx_word' id='word_1_8' title='bbox 1016 279 1197 325; x_wconf 87' lang='lat' dir='ltr'>domum</span> <span class='ocrx_word' id='word_1_9' title='bbox 1216 296 1348 343; x_wconf 84' lang='lat' dir='ltr'>quam</span> <span class='ocrx_word' id='word_1_10' title='bbox 1372 278 1479 326; x_wconf 83' lang='lat' dir='ltr'><strong>dixit</strong></span> <span class='ocrx_word' id='word_1_11' title='bbox 1500 281 1685 345; x_wconf 87' lang='lat' dir='ltr'>Aposto-</span> 
     </span>
     <span class='ocr_line' id='line_1_3' title="bbox 308 345 1686 409; baseline 0.004 -18"><span class='ocrx_word' id='word_1_12' title='bbox 308 345 392 402; x_wconf 83' lang='lat' dir='ltr'>lus,</span> <span class='ocrx_word' id='word_1_13' title='bbox 414 347 492 393; x_wconf 88' lang='lat' dir='ltr'>ubi</span> <span class='ocrx_word' id='word_1_14' title='bbox 514 359 650 394; x_wconf 85' lang='lat' dir='ltr'>essent</span> <span class='ocrx_word' id='word_1_15' title='bbox 669 367 756 396; x_wconf 90' lang='lat' dir='ltr'>non</span> <span class='ocrx_word' id='word_1_16' title='bbox 787 350 927 396; x_wconf 89' lang='lat' dir='ltr'>solum</span> <span class='ocrx_word' id='word_1_17' title='bbox 962 367 1061 396; x_wconf 80' lang='lat' dir='ltr'>vasa</span> <span class='ocrx_word' id='word_1_18' title='bbox 1089 366 1215 395; x_wconf 87' lang='lat' dir='ltr'>aurea</span> <span class='ocrx_word' id='word_1_19' title='bbox 1238 360 1280 395; x_wconf 90' lang='lat' dir='ltr'>et</span> <span class='ocrx_word' id='word_1_20' title='bbox 1302 361 1518 409; x_wconf 84' lang='lat' dir='ltr'>argentea,</span> <span class='ocrx_word' id='word_1_21' title='bbox 1550 352 1622 397; x_wconf 89' lang='lat' dir='ltr'>sed</span> <span class='ocrx_word' id='word_1_22' title='bbox 1644 362 1686 397; x_wconf 89' lang='lat' dir='ltr'>et</span> 
     </span>
     <span class='ocr_line' id='line_1_4' title="bbox 305 415 1686 476; baseline 0.005 -15"><span class='ocrx_word' id='word_1_23' title='bbox 305 415 449 476; x_wconf 84' lang='lat' dir='ltr'>lignea</span> <span class='ocrx_word' id='word_1_24' title='bbox 478 429 519 463; x_wconf 91' lang='lat' dir='ltr'>et</span> <span class='ocrx_word' id='word_1_25' title='bbox 542 419 709 476; x_wconf 82' lang='lat' dir='ltr'>fictilia,</span> <span class='ocrx_word' id='word_1_26' title='bbox 740 438 828 466; x_wconf 87' lang='lat' dir='ltr'>non</span> <span class='ocrx_word' id='word_1_27' title='bbox 855 438 896 466; x_wconf 88' lang='lat' dir='ltr'>se</span> <span class='ocrx_word' id='word_1_28' title='bbox 914 420 1166 466; x_wconf 75' lang='lat' dir='ltr'>intellexisse</span> <span class='ocrx_word' id='word_1_29' title='bbox 1194 420 1276 465; x_wconf 89' lang='lat' dir='ltr'>nisi</span> <span class='ocrx_word' id='word_1_30' title='bbox 1303 420 1542 466; x_wconf 81' lang='lat' dir='ltr'>Ecclesiam</span> <span class='ocrx_word' id='word_1_31' title='bbox 1563 458 1573 476; x_wconf 80' lang='lat'>‚</span> <span class='ocrx_word' id='word_1_32' title='bbox 1606 422 1686 468; x_wconf 86' lang='lat' dir='ltr'>ubi</span> 
     </span>
     <span class='ocr_line' id='line_1_5' title="bbox 309 488 1685 546; baseline 0.004 -15"><span class='ocrx_word' id='word_1_33' title='bbox 309 498 445 532; x_wconf 86' lang='lat' dir='ltr'>essent</span> <span class='ocrx_word' id='word_1_34' title='bbox 463 488 566 534; x_wconf 85' lang='lat' dir='ltr'>boni</span> <span class='ocrx_word' id='word_1_35' title='bbox 591 500 632 535; x_wconf 88' lang='lat' dir='ltr'>et</span> <span class='ocrx_word' id='word_1_36' title='bbox 666 490 786 546; x_wconf 84' lang='lat' dir='ltr'>mali,</span> <span class='ocrx_word' id='word_1_37' title='bbox 814 490 953 536; x_wconf 89' lang='lat' dir='ltr'>donec</span> <span class='ocrx_word' id='word_1_38' title='bbox 987 491 1034 536; x_wconf 90' lang='lat' dir='ltr'>in</span> <span class='ocrx_word' id='word_1_39' title='bbox 1073 491 1158 535; x_wconf 88' lang='lat' dir='ltr'>fine</span> <span class='ocrx_word' id='word_1_40' title='bbox 1195 490 1309 535; x_wconf 87' lang='lat' dir='ltr'>sicut</span> <span class='ocrx_word' id='word_1_41' title='bbox 1350 507 1446 535; x_wconf 87' lang='lat' dir='ltr'>area</span> <span class='ocrx_word' id='word_1_42' title='bbox 1474 490 1685 537; x_wconf 83' lang='lat' dir='ltr'>ventilata</span> 
     </span>
     <span class='ocr_line' id='line_1_6' title="bbox 308 559 1686 623; baseline 0.004 -23"><span class='ocrx_word' id='word_1_43' title='bbox 308 568 534 618; x_wconf 77' lang='lat' dir='ltr'>purgetur.</span> <span class='ocrx_word' id='word_1_44' title='bbox 563 559 696 615; x_wconf 86' lang='lat' dir='ltr'>Quod</span> <span class='ocrx_word' id='word_1_45' title='bbox 715 561 748 604; x_wconf 90' lang='lat' dir='ltr'>si</span> <span class='ocrx_word' id='word_1_46' title='bbox 764 560 824 605; x_wconf 92' lang='lat' dir='ltr'>ita</span> <span class='ocrx_word' id='word_1_47' title='bbox 843 570 922 615; x_wconf 83' lang='lat' dir='ltr'>est,</span> <span class='ocrx_word' id='word_1_48' title='bbox 950 560 996 604; x_wconf 86' lang='lat' dir='ltr'>in</span> <span class='ocrx_word' id='word_1_49' title='bbox 1013 560 1107 621; x_wconf 86' lang='lat' dir='ltr'>ipsa</span> <span class='ocrx_word' id='word_1_50' title='bbox 1131 559 1337 615; x_wconf 81' lang='lat' dir='ltr'>Ecclesia,</span> <span class='ocrx_word' id='word_1_51' title='bbox 1360 559 1405 604; x_wconf 85' lang='lat' dir='ltr'>id</span> <span class='ocrx_word' id='word_1_52' title='bbox 1419 570 1480 604; x_wconf 90' lang='lat' dir='ltr'>est</span> <span class='ocrx_word' id='word_1_53' title='bbox 1495 597 1506 615; x_wconf 83' lang='grc'><em>,</em></span> <span class='ocrx_word' id='word_1_54' title='bbox 1531 562 1577 605; x_wconf 89' lang='lat' dir='ltr'>in</span> <span class='ocrx_word' id='word_1_55' title='bbox 1592 560 1686 623; x_wconf 90' lang='lat' dir='ltr'>ipsa</span> 
     </span>
     <span class='ocr_line' id='line_1_7' title="bbox 311 625 1685 694; baseline 0.004 -25"><span class='ocrx_word' id='word_1_56' title='bbox 311 625 441 671; x_wconf 88' lang='lat' dir='ltr'>domo</span> <span class='ocrx_word' id='word_1_57' title='bbox 466 644 621 687; x_wconf 87' lang='lat' dir='ltr'>magna</span> <span class='ocrx_word' id='word_1_58' title='bbox 646 639 768 674; x_wconf 91' lang='lat' dir='ltr'>erant</span> <span class='ocrx_word' id='word_1_59' title='bbox 792 646 894 675; x_wconf 82' lang='lat' dir='ltr'>vasa</span> <span class='ocrx_word' id='word_1_60' title='bbox 913 629 958 674; x_wconf 90' lang='lat' dir='ltr'>in</span> <span class='ocrx_word' id='word_1_61' title='bbox 977 628 1302 694; x_wconf 82' lang='lat' dir='ltr'>contumeliam,</span> <span class='ocrx_word' id='word_1_62' title='bbox 1331 645 1519 692; x_wconf 89' lang='lat' dir='ltr'>quorum</span> <span class='ocrx_word' id='word_1_63' title='bbox 1548 647 1685 675; x_wconf 88' lang='lat' dir='ltr'>sermo</span> 
     </span>
     <span class='ocr_line' id='line_1_8' title="bbox 308 698 1685 763; baseline 0.004 -23"><span class='ocrx_word' id='word_1_64' title='bbox 308 706 357 740; x_wconf 86' lang='lat' dir='ltr'>ut</span> <span class='ocrx_word' id='word_1_65' title='bbox 380 713 534 742; x_wconf 86' lang='lat' dir='ltr'>cancer</span> <span class='ocrx_word' id='word_1_66' title='bbox 553 700 768 762; x_wconf 81' lang='lat' dir='ltr'>serpebat.</span> <span class='ocrx_word' id='word_1_67' title='bbox 801 701 912 745; x_wconf 85' lang='lat' dir='ltr'>Nam</span> <span class='ocrx_word' id='word_1_68' title='bbox 931 715 1033 745; x_wconf 90' lang='lat' dir='ltr'>cum</span> <span class='ocrx_word' id='word_1_69' title='bbox 1056 699 1109 744; x_wconf 89' lang='lat' dir='ltr'>de</span> <span class='ocrx_word' id='word_1_70' title='bbox 1126 698 1210 744; x_wconf 89' lang='lat' dir='ltr'>illis</span> <span class='ocrx_word' id='word_1_71' title='bbox 1232 699 1461 761; x_wconf 82' lang='lat' dir='ltr'>Apostolus</span> <span class='ocrx_word' id='word_1_72' title='bbox 1482 699 1685 763; x_wconf 87' lang='lat' dir='ltr'>loquere-</span> 
     </span>
     <span class='ocr_line' id='line_1_9' title="bbox 310 767 1687 834; baseline 0.004 -24"><span class='ocrx_word' id='word_1_73' title='bbox 310 775 397 822; x_wconf 76' lang='lat' dir='ltr'>tur,</span> <span class='ocrx_word' id='word_1_74' title='bbox 419 767 506 814; x_wconf 90' lang='lat' dir='ltr'>hoc</span> <span class='ocrx_word' id='word_1_75' title='bbox 529 768 680 815; x_wconf 85' lang='lat' dir='ltr'>docuit</span> <span class='ocrx_word' id='word_1_76' title='bbox 701 788 710 815; x_wconf 92' lang='lat'><strong>:</strong></span> <span class='ocrx_word' id='word_1_77' title='bbox 739 792 759 812; x_wconf 86' lang='lat'>«</span> <span class='ocrx_word' id='word_1_78' title='bbox 778 772 834 815; x_wconf 90' lang='lat' dir='ltr'>Et</span> <span class='ocrx_word' id='word_1_79' title='bbox 855 787 1009 827; x_wconf 88' lang='lat' dir='ltr'>sermo,</span> <span class='ocrx_word' id='word_1_80' title='bbox 1043 770 1204 834; x_wconf 77' lang='lat' dir='ltr'>inquit,</span> <span class='ocrx_word' id='word_1_81' title='bbox 1224 786 1374 814; x_wconf 88' lang='lat' dir='ltr'>eorum</span> <span class='ocrx_word' id='word_1_82' title='bbox 1400 770 1510 815; x_wconf 87' lang='lat' dir='ltr'>sicut</span> <span class='ocrx_word' id='word_1_83' title='bbox 1531 787 1687 816; x_wconf 84' lang='lat' dir='ltr'>cancer</span> 
     </span>
     <span class='ocr_line' id='line_1_10' title="bbox 310 837 1687 903; baseline 0.004 -22"><span class='ocrx_word' id='word_1_84' title='bbox 310 855 332 876; x_wconf 66' lang='lat'>&gt;³</span> <span class='ocrx_word' id='word_1_85' title='bbox 355 837 505 900; x_wconf 83' lang='lat' dir='ltr'>serpit,</span> <span class='ocrx_word' id='word_1_86' title='bbox 543 856 590 884; x_wconf 83' lang='lat' dir='ltr'>ex</span> <span class='ocrx_word' id='word_1_87' title='bbox 611 840 772 902; x_wconf 88' lang='lat' dir='ltr'>quibus</span> <span class='ocrx_word' id='word_1_88' title='bbox 789 855 852 885; x_wconf 84' lang='lat' dir='ltr'>est</span> <span class='ocrx_word' id='word_1_89' title='bbox 879 841 1147 902; x_wconf 64' lang='lat' dir='ltr'>Hymenaeus</span> <span class='ocrx_word' id='word_1_90' title='bbox 1165 850 1207 885; x_wconf 93' lang='lat' dir='ltr'>et</span> <span class='ocrx_word' id='word_1_91' title='bbox 1232 839 1448 895; x_wconf 83' lang='lat' dir='ltr'>Philetus,</span> <span class='ocrx_word' id='word_1_92' title='bbox 1476 840 1552 903; x_wconf 91' lang='lat' dir='ltr'>qui</span> <span class='ocrx_word' id='word_1_93' title='bbox 1571 841 1687 886; x_wconf 86' lang='lat' dir='ltr'>circa</span> 
     </span>
     <span class='ocr_line' id='line_1_11' title="bbox 310 908 1686 969; baseline 0.003 -18"><span class='ocrx_word' id='word_1_94' title='bbox 310 924 332 947; x_wconf 78' lang='lat'>³&gt;</span> <span class='ocrx_word' id='word_1_95' title='bbox 358 908 577 953; x_wconf 73' lang='lat' dir='ltr'>veritatem</span> <span class='ocrx_word' id='word_1_96' title='bbox 613 910 947 966; x_wconf 73' lang='lat' dir='ltr'>aberraverunt,</span> <span class='ocrx_word' id='word_1_97' title='bbox 989 910 1181 956; x_wconf 87' lang='lat' dir='ltr'>dicentes</span> <span class='ocrx_word' id='word_1_98' title='bbox 1221 910 1576 955; x_wconf 82' lang='lat' dir='ltr'>resurrectionem</span> <span class='ocrx_word' id='word_1_99' title='bbox 1594 913 1686 969; x_wconf 87' lang='lat' dir='ltr'>jam</span> 
     </span>
     <span class='ocr_line' id='line_1_12' title="bbox 311 976 1685 1044; baseline 0.002 -23"><span class='ocrx_word' id='word_1_100' title='bbox 311 995 332 1017; x_wconf 75' lang='lat'>&gt;2</span> <span class='ocrx_word' id='word_1_101' title='bbox 355 976 513 1023; x_wconf 86' lang='lat' dir='ltr'>factam</span> <span class='ocrx_word' id='word_1_102' title='bbox 533 996 638 1036; x_wconf 82' lang='lat' dir='ltr'>esse,</span> <span class='ocrx_word' id='word_1_103' title='bbox 664 991 705 1026; x_wconf 88' lang='lat' dir='ltr'>et</span> <span class='ocrx_word' id='word_1_104' title='bbox 725 980 855 1026; x_wconf 85' lang='lat' dir='ltr'>fidem</span> <span class='ocrx_word' id='word_1_105' title='bbox 881 980 1173 1044; x_wconf 83' lang='lat' dir='ltr'>quorumdam</span> <span class='ocrx_word' id='word_1_106' title='bbox 1197 979 1487 1025; x_wconf 86' lang='lat' dir='ltr'>subvertunt:</span> <span class='ocrx_word' id='word_1_107' title='bbox 1512 980 1685 1025; x_wconf 86' lang='lat' dir='ltr'>firmum</span> 
     </span>
     <span class='ocr_line' id='line_1_13' title="bbox 311 1049 1681 1109; baseline 0.002 -18"><span class='ocrx_word' id='word_1_108' title='bbox 311 1066 332 1086; x_wconf 87' lang='lat'>»</span> <span class='ocrx_word' id='word_1_109' title='bbox 357 1058 500 1092; x_wconf 89' lang='lat' dir='ltr'>autem</span> <span class='ocrx_word' id='word_1_110' title='bbox 516 1049 850 1096; x_wconf 88' lang='lat' dir='ltr'>fundamentum</span> <span class='ocrx_word' id='word_1_111' title='bbox 870 1052 951 1096; x_wconf 90' lang='lat' dir='ltr'>Dei</span> <span class='ocrx_word' id='word_1_112' title='bbox 974 1061 1057 1095; x_wconf 89' lang='lat' dir='ltr'>stat</span> <span class='ocrx_word' id='word_1_113' title='bbox 1082 1050 1252 1095; x_wconf 78' lang='lat' dir='ltr'>habens</span> <span class='ocrx_word' id='word_1_114' title='bbox 1275 1049 1546 1109; x_wconf 80' lang='lat' dir='ltr'>signaculum</span> <span class='ocrx_word' id='word_1_115' title='bbox 1564 1049 1652 1095; x_wconf 92' lang='lat' dir='ltr'>hoc</span> <span class='ocrx_word' id='word_1_116' title='bbox 1671 1067 1681 1094; x_wconf 90' lang='lat'>:</span> 
     </span>
     <span class='ocr_line' id='line_1_14' title="bbox 311 1117 1686 1185; baseline 0.001 -24"><span class='ocrx_word' id='word_1_117' title='bbox 311 1137 333 1157; x_wconf 82' lang='lat'>»</span> <span class='ocrx_word' id='word_1_118' title='bbox 358 1117 490 1185; x_wconf 46' lang='lat' dir='ltr'>Norit</span> <span class='ocrx_word' id='word_1_119' title='bbox 511 1119 724 1166; x_wconf 89' lang='lat' dir='ltr'>Dominus</span> <span class='ocrx_word' id='word_1_120' title='bbox 742 1121 819 1183; x_wconf 88' lang='lat' dir='ltr'>qui</span> <span class='ocrx_word' id='word_1_121' title='bbox 855 1131 957 1165; x_wconf 90' lang='lat' dir='ltr'>sunt</span> <span class='ocrx_word' id='word_1_122' title='bbox 986 1125 1094 1180; x_wconf 82' lang='lat' dir='ltr'>ejus,</span> <span class='ocrx_word' id='word_1_123' title='bbox 1117 1130 1158 1164; x_wconf 89' lang='lat' dir='ltr'>et</span> <span class='ocrx_word' id='word_1_124' title='bbox 1189 1119 1364 1164; x_wconf 80' lang='lat' dir='ltr'>recedat</span> <span class='ocrx_word' id='word_1_125' title='bbox 1384 1120 1439 1164; x_wconf 89' lang='lat' dir='ltr'>ab</span> <span class='ocrx_word' id='word_1_126' title='bbox 1457 1119 1686 1182; x_wconf 85' lang='lat' dir='ltr'>iniquitate</span> 
     </span>
     <span class='ocr_line' id='line_1_15' title="bbox 310 1188 1686 1251; baseline 0.001 -20"><span class='ocrx_word' id='word_1_127' title='bbox 310 1207 330 1227; x_wconf 72' lang='lat'>&gt;2</span> <span class='ocrx_word' id='word_1_128' title='bbox 351 1188 491 1233; x_wconf 88' lang='lat' dir='ltr'>omnis</span> <span class='ocrx_word' id='word_1_129' title='bbox 516 1190 592 1251; x_wconf 89' lang='lat' dir='ltr'>qui</span> <span class='ocrx_word' id='word_1_130' title='bbox 629 1190 826 1235; x_wconf 88' lang='lat' dir='ltr'>nominat</span> <span class='ocrx_word' id='word_1_131' title='bbox 850 1207 1007 1235; x_wconf 90' lang='lat' dir='ltr'>nomen</span> <span class='ocrx_word' id='word_1_132' title='bbox 1029 1189 1221 1234; x_wconf 90' lang='lat' dir='ltr'>Domini.</span> <span class='ocrx_word' id='word_1_133' title='bbox 1265 1190 1317 1234; x_wconf 90' lang='lat' dir='ltr'>In</span> <span class='ocrx_word' id='word_1_134' title='bbox 1351 1206 1508 1248; x_wconf 85' lang='lat' dir='ltr'>magna</span> <span class='ocrx_word' id='word_1_135' title='bbox 1544 1199 1686 1234; x_wconf 90' lang='lat' dir='ltr'>autem</span> 
     </span>
     <span class='ocr_line' id='line_1_16' title="bbox 309 1257 1686 1318; baseline 0.002 -16"><span class='ocrx_word' id='word_1_136' title='bbox 309 1277 330 1298; x_wconf 84' lang='lat'>»</span> <span class='ocrx_word' id='word_1_137' title='bbox 354 1257 510 1314; x_wconf 84' lang='lat' dir='ltr'>domo,</span> <span class='ocrx_word' id='word_1_138' title='bbox 534 1276 621 1305; x_wconf 89' lang='lat' dir='ltr'>non</span> <span class='ocrx_word' id='word_1_139' title='bbox 651 1260 792 1305; x_wconf 90' lang='lat' dir='ltr'>solum</span> <span class='ocrx_word' id='word_1_140' title='bbox 815 1277 915 1306; x_wconf 82' lang='lat' dir='ltr'>Vasa</span> <span class='ocrx_word' id='word_1_141' title='bbox 941 1276 1069 1305; x_wconf 88' lang='lat' dir='ltr'>aurea</span> <span class='ocrx_word' id='word_1_142' title='bbox 1094 1269 1193 1304; x_wconf 90' lang='lat' dir='ltr'>sunt</span> <span class='ocrx_word' id='word_1_143' title='bbox 1213 1269 1255 1304; x_wconf 88' lang='lat' dir='ltr'>et</span> <span class='ocrx_word' id='word_1_144' title='bbox 1279 1269 1476 1318; x_wconf 84' lang='lat' dir='ltr'>argentea</span> <span class='ocrx_word' id='word_1_145' title='bbox 1492 1295 1502 1314; x_wconf 84' lang='lat'>‚</span> <span class='ocrx_word' id='word_1_146' title='bbox 1539 1257 1612 1303; x_wconf 90' lang='lat' dir='ltr'>sed</span> <span class='ocrx_word' id='word_1_147' title='bbox 1645 1268 1686 1306; x_wconf 78' lang='lat' dir='ltr'>et</span> 
     </span>
     <span class='ocr_line' id='line_1_17' title="bbox 310 1327 1686 1392; baseline 0.001 -21"><span class='ocrx_word' id='word_1_148' title='bbox 310 1347 331 1367; x_wconf 66' lang='lat'>&gt;³</span> <span class='ocrx_word' id='word_1_149' title='bbox 357 1327 498 1387; x_wconf 82' lang='lat' dir='ltr'>lignea</span> <span class='ocrx_word' id='word_1_150' title='bbox 525 1339 566 1373; x_wconf 92' lang='lat' dir='ltr'>et</span> <span class='ocrx_word' id='word_1_151' title='bbox 586 1329 736 1375; x_wconf 85' lang='lat' dir='ltr'>fictilia</span> <span class='ocrx_word' id='word_1_152' title='bbox 752 1329 785 1376; x_wconf 69' lang='lat'>1.</span> <span class='ocrx_word' id='word_1_153' title='bbox 811 1351 832 1371; x_wconf 71' lang='lat'>³)</span> <span class='ocrx_word' id='word_1_154' title='bbox 860 1330 906 1375; x_wconf 88' lang='lat' dir='ltr'>Si</span> <span class='ocrx_word' id='word_1_155' title='bbox 943 1345 1042 1388; x_wconf 82' lang='lat' dir='ltr'>ergo</span> <span class='ocrx_word' id='word_1_156' title='bbox 1062 1339 1104 1373; x_wconf 88' lang='lat' dir='ltr'>et</span> <span class='ocrx_word' id='word_1_157' title='bbox 1135 1329 1206 1374; x_wconf 90' lang='lat' dir='ltr'>isti</span> <span class='ocrx_word' id='word_1_158' title='bbox 1239 1345 1428 1392; x_wconf 88' lang='lat' dir='ltr'>quorum</span> <span class='ocrx_word' id='word_1_159' title='bbox 1463 1345 1600 1373; x_wconf 88' lang='lat' dir='ltr'>sermo</span> <span class='ocrx_word' id='word_1_160' title='bbox 1636 1338 1686 1373; x_wconf 89' lang='lat' dir='ltr'>ut</span> 
     </span>
     <span class='ocr_line' id='line_1_18' title="bbox 307 1397 1684 1462; baseline 0.001 -21"><span class='ocrx_word' id='word_1_161' title='bbox 307 1413 462 1442; x_wconf 82' lang='lat' dir='ltr'>cancer</span> <span class='ocrx_word' id='word_1_162' title='bbox 483 1399 699 1461; x_wconf 76' lang='lat' dir='ltr'>serpebat,</span> <span class='ocrx_word' id='word_1_163' title='bbox 726 1410 933 1462; x_wconf 80' lang='lat' dir='ltr'>tanquam</span> <span class='ocrx_word' id='word_1_164' title='bbox 962 1416 1063 1445; x_wconf 75' lang='lat' dir='ltr'>Vasa</span> <span class='ocrx_word' id='word_1_165' title='bbox 1081 1400 1126 1443; x_wconf 92' lang='lat' dir='ltr'>in</span> <span class='ocrx_word' id='word_1_166' title='bbox 1153 1398 1462 1444; x_wconf 88' lang='lat' dir='ltr'>contumeliam</span> <span class='ocrx_word' id='word_1_167' title='bbox 1488 1398 1534 1443; x_wconf 87' lang='lat' dir='ltr'>in</span> <span class='ocrx_word' id='word_1_168' title='bbox 1554 1397 1684 1443; x_wconf 90' lang='lat' dir='ltr'>domo</span> 
     </span>
     <span class='ocr_line' id='line_1_19' title="bbox 309 1468 1687 1532; baseline 0.002 -22"><span class='ocrx_word' id='word_1_169' title='bbox 309 1483 464 1526; x_wconf 83' lang='lat' dir='ltr'>magna</span> <span class='ocrx_word' id='word_1_170' title='bbox 493 1479 637 1522; x_wconf 83' lang='lat' dir='ltr'>erant,</span> <span class='ocrx_word' id='word_1_171' title='bbox 679 1486 811 1532; x_wconf 85' lang='lat' dir='ltr'>quam</span> <span class='ocrx_word' id='word_1_172' title='bbox 850 1469 1031 1514; x_wconf 88' lang='lat' dir='ltr'>domum</span> <span class='ocrx_word' id='word_1_173' title='bbox 1067 1485 1270 1528; x_wconf 82' lang='lat' dir='ltr'>magnam</span> <span class='ocrx_word' id='word_1_174' title='bbox 1312 1468 1517 1514; x_wconf 85' lang='lat' dir='ltr'>Ecclesiae</span> <span class='ocrx_word' id='word_1_175' title='bbox 1552 1468 1687 1531; x_wconf 89' lang='lat' dir='ltr'>ipsius</span> 
     </span>
     <span class='ocr_line' id='line_1_20' title="bbox 307 1538 1688 1602; baseline 0.001 -21"><span class='ocrx_word' id='word_1_176' title='bbox 307 1538 515 1583; x_wconf 86' lang='lat' dir='ltr'>unitatem</span> <span class='ocrx_word' id='word_1_177' title='bbox 544 1539 792 1602; x_wconf 69' lang='lat' dir='ltr'>Cyprianus</span> <span class='ocrx_word' id='word_1_178' title='bbox 819 1539 1020 1598; x_wconf 83' lang='lat' dir='ltr'>intelligit</span> <span class='ocrx_word' id='word_1_179' title='bbox 1042 1576 1052 1594; x_wconf 85' lang='lat'><strong><em>‚</em></strong></span> <span class='ocrx_word' id='word_1_180' title='bbox 1081 1538 1299 1602; x_wconf 89' lang='lat' dir='ltr'>numquid</span> <span class='ocrx_word' id='word_1_181' title='bbox 1327 1539 1510 1583; x_wconf 88' lang='lat' dir='ltr'>istorum</span> <span class='ocrx_word' id='word_1_182' title='bbox 1533 1554 1688 1583; x_wconf 89' lang='lat' dir='ltr'>cancer</span> 
     </span>
     <span class='ocr_line' id='line_1_21' title="bbox 307 1607 1690 1670; baseline 0.001 -19"><span class='ocrx_word' id='word_1_183' title='bbox 307 1607 577 1670; x_wconf 82' lang='lat' dir='ltr'>baptismum</span> <span class='ocrx_word' id='word_1_184' title='bbox 594 1609 758 1654; x_wconf 86' lang='lat' dir='ltr'>Christi</span> <span class='ocrx_word' id='word_1_185' title='bbox 775 1609 999 1654; x_wconf 62' lang='lat' dir='ltr'>violabat?</span> <span class='ocrx_word' id='word_1_186' title='bbox 1025 1610 1090 1653; x_wconf 80' lang='lat' dir='ltr'>lta</span> <span class='ocrx_word' id='word_1_187' title='bbox 1113 1626 1219 1668; x_wconf 83' lang='lat' dir='ltr'>ergo</span> <span class='ocrx_word' id='word_1_188' title='bbox 1236 1625 1316 1653; x_wconf 87' lang='lat' dir='ltr'>nec</span> <span class='ocrx_word' id='word_1_189' title='bbox 1337 1607 1459 1663; x_wconf 88' lang='lat' dir='ltr'>foris,</span> <span class='ocrx_word' id='word_1_190' title='bbox 1481 1609 1593 1653; x_wconf 85' lang='lat' dir='ltr'>sicut</span> <span class='ocrx_word' id='word_1_191' title='bbox 1609 1619 1690 1652; x_wconf 83' lang='lat' dir='ltr'>ne&#39;c</span> 
     </span>
     <span class='ocr_line' id='line_1_22' title="bbox 307 1676 1690 1742; baseline -0.001 -20"><span class='ocrx_word' id='word_1_192' title='bbox 307 1677 439 1733; x_wconf 82' lang='lat' dir='ltr'>intus,</span> <span class='ocrx_word' id='word_1_193' title='bbox 465 1679 696 1741; x_wconf 87' lang='lat' dir='ltr'>quisquam</span> <span class='ocrx_word' id='word_1_194' title='bbox 727 1680 871 1742; x_wconf 83' lang='lat' dir='ltr'>quiex</span> <span class='ocrx_word' id='word_1_195' title='bbox 899 1689 1027 1742; x_wconf 88' lang='lat' dir='ltr'>parte</span> <span class='ocrx_word' id='word_1_196' title='bbox 1053 1678 1219 1724; x_wconf 85' lang='lat' dir='ltr'>diaboli</span> <span class='ocrx_word' id='word_1_197' title='bbox 1261 1689 1352 1733; x_wconf 85' lang='lat' dir='ltr'>est,</span> <span class='ocrx_word' id='word_1_198' title='bbox 1380 1687 1522 1741; x_wconf 87' lang='lat' dir='ltr'>potest</span> <span class='ocrx_word' id='word_1_199' title='bbox 1544 1677 1612 1723; x_wconf 84' lang='lat' dir='ltr'>vel</span> <span class='ocrx_word' id='word_1_200' title='bbox 1644 1676 1690 1721; x_wconf 87' lang='lat' dir='ltr'>in</span> 
     </span>
     <span class='ocr_line' id='line_1_23' title="bbox 309 1746 1692 1813; baseline -0.001 -21"><span class='ocrx_word' id='word_1_201' title='bbox 309 1765 351 1792; x_wconf 90' lang='lat' dir='ltr'>se</span> <span class='ocrx_word' id='word_1_202' title='bbox 372 1748 438 1793; x_wconf 74' lang='lat' dir='ltr'>vel</span> <span class='ocrx_word' id='word_1_203' title='bbox 461 1749 506 1793; x_wconf 89' lang='lat' dir='ltr'>in</span> <span class='ocrx_word' id='word_1_204' title='bbox 526 1766 749 1813; x_wconf 89' lang='lat' dir='ltr'>quoquam</span> <span class='ocrx_word' id='word_1_205' title='bbox 782 1750 1001 1795; x_wconf 89' lang='lat' dir='ltr'>maculare</span> <span class='ocrx_word' id='word_1_206' title='bbox 1033 1758 1350 1795; x_wconf 86' lang='lat' dir='ltr'>sacramentum</span> <span class='ocrx_word' id='word_1_207' title='bbox 1384 1747 1505 1812; x_wconf 85' lang='lat' dir='ltr'>quod</span> <span class='ocrx_word' id='word_1_208' title='bbox 1527 1746 1692 1792; x_wconf 85' lang='lat' dir='ltr'>Christi</span> 
     </span>
     <span class='ocr_line' id='line_1_24' title="bbox 308 1818 1692 1884; baseline 0 -21"><span class='ocrx_word' id='word_1_209' title='bbox 308 1830 384 1864; x_wconf 91' lang='lat' dir='ltr'>est.</span> <span class='ocrx_word' id='word_1_210' title='bbox 407 1840 428 1860; x_wconf 71' lang='lat' dir='ltr'>c&lt;</span> <span class='ocrx_word' id='word_1_211' title='bbox 456 1821 552 1864; x_wconf 80' lang='lat' dir='ltr'>Non</span> <span class='ocrx_word' id='word_1_212' title='bbox 580 1820 728 1884; x_wconf 85' lang='lat' dir='ltr'>itaque</span> <span class='ocrx_word' id='word_1_213' title='bbox 745 1820 820 1866; x_wconf 85' lang='lat' dir='ltr'>dat</span> <span class='ocrx_word' id='word_1_214' title='bbox 844 1821 1063 1865; x_wconf 91' lang='lat' dir='ltr'>remissam</span> <span class='ocrx_word' id='word_1_215' title='bbox 1090 1830 1373 1883; x_wconf 86' lang='lat' dir='ltr'>peccatorum</span> <span class='ocrx_word' id='word_1_216' title='bbox 1390 1836 1528 1864; x_wconf 89' lang='lat' dir='ltr'>sermo</span> <span class='ocrx_word' id='word_1_217' title='bbox 1550 1818 1624 1882; x_wconf 83' lang='lat' dir='ltr'>qu&#39;i</span> <span class='ocrx_word' id='word_1_218' title='bbox 1642 1827 1692 1863; x_wconf 88' lang='lat' dir='ltr'>ut</span> 
     </span>
     <span class='ocr_line' id='line_1_25' title="bbox 305 1889 1693 1951; baseline -0.001 -18"><span class='ocrx_word' id='word_1_219' title='bbox 305 1904 462 1933; x_wconf 74' lang='lat' dir='ltr'>cancer</span> <span class='ocrx_word' id='word_1_220' title='bbox 500 1890 635 1951; x_wconf 91' lang='lat' dir='ltr'>serpit</span> <span class='ocrx_word' id='word_1_221' title='bbox 664 1891 719 1934; x_wconf 88' lang='lat' dir='ltr'>ad</span> <span class='ocrx_word' id='word_1_222' title='bbox 742 1907 864 1935; x_wconf 86' lang='lat' dir='ltr'>aures</span> <span class='ocrx_word' id='word_1_223' title='bbox 900 1890 1168 1935; x_wconf 87' lang='lat' dir='ltr'>audientium</span> <span class='ocrx_word' id='word_1_224' title='bbox 1188 1891 1205 1919; x_wconf 75' lang='lat'><strong>2</strong></span> <span class='ocrx_word' id='word_1_225' title='bbox 1230 1907 1240 1934; x_wconf 72' lang='grc' dir='ltr'><strong>ι</strong></span> <span class='ocrx_word' id='word_1_226' title='bbox 1265 1911 1285 1931; x_wconf 66' lang='lat' dir='ltr'>n</span> <span class='ocrx_word' id='word_1_227' title='bbox 1322 1889 1395 1935; x_wconf 89' lang='lat' dir='ltr'>sed</span> <span class='ocrx_word' id='word_1_228' title='bbox 1431 1906 1531 1935; x_wconf 90' lang='lat' dir='ltr'>cum</span> <span class='ocrx_word' id='word_1_229' title='bbox 1573 1889 1693 1951; x_wconf 85' lang='lat' dir='ltr'>bap-</span> 
     </span>
     <span class='ocr_line' id='line_1_26' title="bbox 306 1959 1692 2022; baseline -0.001 -20"><span class='ocrx_word' id='word_1_230' title='bbox 306 1959 431 2003; x_wconf 89' lang='lat' dir='ltr'>tisma</span> <span class='ocrx_word' id='word_1_231' title='bbox 449 1959 592 2004; x_wconf 77' lang='lat' dir='ltr'>verbis</span> <span class='ocrx_word' id='word_1_232' title='bbox 615 1959 883 2019; x_wconf 76' lang='lat' dir='ltr'>Evangelicis</span> <span class='ocrx_word' id='word_1_233' title='bbox 909 1959 1064 2015; x_wconf 82' lang='lat' dir='ltr'>datur,</span> <span class='ocrx_word' id='word_1_234' title='bbox 1108 1959 1304 2022; x_wconf 87' lang='lat' dir='ltr'>qualibet</span> <span class='ocrx_word' id='word_1_235' title='bbox 1326 1976 1375 2003; x_wconf 91' lang='lat' dir='ltr'>ea</span> <span class='ocrx_word' id='word_1_236' title='bbox 1411 1959 1692 2021; x_wconf 81' lang='lat' dir='ltr'>perversitate</span> 
     </span>
     <span class='ocr_line' id='line_1_27' title="bbox 305 2027 1693 2092; baseline 0 -20"><span class='ocrx_word' id='word_1_237' title='bbox 305 2027 517 2088; x_wconf 81' lang='lat' dir='ltr'>intelligat</span> <span class='ocrx_word' id='word_1_238' title='bbox 543 2029 614 2074; x_wconf 89' lang='lat' dir='ltr'>ille</span> <span class='ocrx_word' id='word_1_239' title='bbox 635 2046 714 2091; x_wconf 87' lang='lat' dir='ltr'>per</span> <span class='ocrx_word' id='word_1_240' title='bbox 741 2046 871 2092; x_wconf 83' lang='lat' dir='ltr'>quem</span> <span class='ocrx_word' id='word_1_241' title='bbox 915 2028 1063 2085; x_wconf 80' lang='lat' dir='ltr'>datur,</span> <span class='ocrx_word' id='word_1_242' title='bbox 1100 2028 1169 2074; x_wconf 86' lang='lat' dir='ltr'>vel</span> <span class='ocrx_word' id='word_1_243' title='bbox 1187 2028 1259 2074; x_wconf 89' lang='lat' dir='ltr'>ille</span> <span class='ocrx_word' id='word_1_244' title='bbox 1286 2031 1358 2073; x_wconf 91' lang='lat' dir='ltr'>cui</span> <span class='ocrx_word' id='word_1_245' title='bbox 1377 2027 1524 2084; x_wconf 79' lang='lat' dir='ltr'>datur,</span> <span class='ocrx_word' id='word_1_246' title='bbox 1545 2027 1693 2091; x_wconf 89' lang='lat' dir='ltr'>ipsum</span> 
     </span>
     <span class='ocr_line' id='line_1_28' title="bbox 301 2099 1693 2163; baseline -0.001 -19"><span class='ocrx_word' id='word_1_247' title='bbox 301 2116 380 2162; x_wconf 89' lang='lat' dir='ltr'>per</span> <span class='ocrx_word' id='word_1_248' title='bbox 397 2116 438 2144; x_wconf 90' lang='lat' dir='ltr'>se</span> <span class='ocrx_word' id='word_1_249' title='bbox 465 2110 663 2145; x_wconf 88' lang='lat' dir='ltr'>sanctum</span> <span class='ocrx_word' id='word_1_250' title='bbox 686 2111 747 2145; x_wconf 87' lang='lat' dir='ltr'>est</span> <span class='ocrx_word' id='word_1_251' title='bbox 766 2110 949 2163; x_wconf 87' lang='lat' dir='ltr'>propter</span> <span class='ocrx_word' id='word_1_252' title='bbox 972 2099 1097 2145; x_wconf 89' lang='lat' dir='ltr'>illum</span> <span class='ocrx_word' id='word_1_253' title='bbox 1114 2104 1238 2159; x_wconf 88' lang='lat' dir='ltr'>cujus</span> <span class='ocrx_word' id='word_1_254' title='bbox 1262 2109 1336 2146; x_wconf 88' lang='lat' dir='ltr'>est.</span> <span class='ocrx_word' id='word_1_255' title='bbox 1363 2099 1417 2144; x_wconf 92' lang='lat' dir='ltr'>Et</span> <span class='ocrx_word' id='word_1_256' title='bbox 1436 2099 1470 2144; x_wconf 91' lang='lat' dir='ltr'>si</span> <span class='ocrx_word' id='word_1_257' title='bbox 1495 2099 1593 2162; x_wconf 85' lang='lat' dir='ltr'>quis</span> <span class='ocrx_word' id='word_1_258' title='bbox 1614 2114 1693 2161; x_wconf 86' lang='lat' dir='ltr'>per</span> 
     </span>
     <span class='ocr_line' id='line_1_29' title="bbox 303 2166 1694 2232; baseline -0.001 -19"><span class='ocrx_word' id='word_1_259' title='bbox 303 2169 526 2214; x_wconf 88' lang='lat' dir='ltr'>hominem</span> <span class='ocrx_word' id='word_1_260' title='bbox 541 2186 792 2232; x_wconf 88' lang='lat' dir='ltr'>perversum</span> <span class='ocrx_word' id='word_1_261' title='bbox 806 2169 852 2214; x_wconf 91' lang='lat' dir='ltr'>id</span> <span class='ocrx_word' id='word_1_262' title='bbox 869 2169 1104 2232; x_wconf 83' lang='lat' dir='ltr'>accipiens,</span> <span class='ocrx_word' id='word_1_263' title='bbox 1126 2186 1214 2214; x_wconf 91' lang='lat' dir='ltr'>non</span> <span class='ocrx_word' id='word_1_264' title='bbox 1235 2169 1423 2232; x_wconf 86' lang='lat' dir='ltr'>accipiat</span> <span class='ocrx_word' id='word_1_265' title='bbox 1445 2178 1589 2213; x_wconf 87' lang='lat' dir='ltr'>tamen</span> <span class='ocrx_word' id='word_1_266' title='bbox 1613 2166 1694 2212; x_wconf 92' lang='lat' dir='ltr'>mi-</span> 
     </span>
     <span class='ocr_line' id='line_1_30' title="bbox 306 2237 1691 2302; baseline -0.001 -18"><span class='ocrx_word' id='word_1_267' title='bbox 306 2239 430 2284; x_wconf 88' lang='lat' dir='ltr'>nistri</span> <span class='ocrx_word' id='word_1_268' title='bbox 455 2239 780 2301; x_wconf 83' lang='lat' dir='ltr'>perversitatem</span> <span class='ocrx_word' id='word_1_269' title='bbox 797 2277 807 2295; x_wconf 90' lang='lat'>,</span> <span class='ocrx_word' id='word_1_270' title='bbox 833 2239 907 2285; x_wconf 88' lang='lat' dir='ltr'>sed</span> <span class='ocrx_word' id='word_1_271' title='bbox 931 2239 1067 2285; x_wconf 88' lang='lat' dir='ltr'>solam</span> <span class='ocrx_word' id='word_1_272' title='bbox 1105 2239 1299 2302; x_wconf 68' lang='lat' dir='ltr'>mysterii</span> <span class='ocrx_word' id='word_1_273' title='bbox 1326 2239 1616 2294; x_wconf 86' lang='lat' dir='ltr'>sanctitatem,</span> <span class='ocrx_word' id='word_1_274' title='bbox 1644 2237 1691 2282; x_wconf 90' lang='lat' dir='ltr'>in</span> 
     </span>
     <span class='ocr_line' id='line_1_31' title="bbox 304 2307 1693 2372; baseline -0.001 -19"><span class='ocrx_word' id='word_1_275' title='bbox 304 2309 422 2354; x_wconf 88' lang='lat' dir='ltr'>bona</span> <span class='ocrx_word' id='word_1_276' title='bbox 440 2309 525 2354; x_wconf 86' lang='lat' dir='ltr'>fide</span> <span class='ocrx_word' id='word_1_277' title='bbox 545 2320 587 2354; x_wconf 90' lang='lat' dir='ltr'>et</span> <span class='ocrx_word' id='word_1_278' title='bbox 607 2326 682 2372; x_wconf 87' lang='lat' dir='ltr'>spe</span> <span class='ocrx_word' id='word_1_279' title='bbox 706 2321 748 2355; x_wconf 89' lang='lat' dir='ltr'>et</span> <span class='ocrx_word' id='word_1_280' title='bbox 765 2310 979 2355; x_wconf 87' lang='lat' dir='ltr'>charitate</span> <span class='ocrx_word' id='word_1_281' title='bbox 996 2309 1153 2355; x_wconf 90' lang='lat' dir='ltr'>unitati</span> <span class='ocrx_word' id='word_1_282' title='bbox 1173 2310 1501 2371; x_wconf 85' lang='lat' dir='ltr'>compaginatus</span> <span class='ocrx_word' id='word_1_283' title='bbox 1535 2307 1693 2353; x_wconf 87' lang='lat' dir='ltr'>Eccle-</span> 
     </span>
     <span class='ocr_line' id='line_1_32' title="bbox 302 2377 1694 2443; baseline -0.001 -20"><span class='ocrx_word' id='word_1_284' title='bbox 302 2379 393 2434; x_wconf 72' lang='lat' dir='ltr'>siae,</span> <span class='ocrx_word' id='word_1_285' title='bbox 410 2379 703 2424; x_wconf 88' lang='lat' dir='ltr'>remissionem</span> <span class='ocrx_word' id='word_1_286' title='bbox 719 2380 882 2443; x_wconf 88' lang='lat' dir='ltr'>accipit</span> <span class='ocrx_word' id='word_1_287' title='bbox 894 2389 1175 2443; x_wconf 86' lang='lat' dir='ltr'>peccatorum</span> <span class='ocrx_word' id='word_1_288' title='bbox 1191 2397 1202 2433; x_wconf 73' lang='grc' dir='ltr'><strong>ς</strong></span> <span class='ocrx_word' id='word_1_289' title='bbox 1221 2396 1309 2423; x_wconf 90' lang='lat' dir='ltr'>non</span> <span class='ocrx_word' id='word_1_290' title='bbox 1324 2396 1404 2441; x_wconf 86' lang='lat' dir='ltr'>per</span> <span class='ocrx_word' id='word_1_291' title='bbox 1427 2378 1559 2424; x_wconf 79' lang='lat' dir='ltr'>verba</span> <span class='ocrx_word' id='word_1_292' title='bbox 1576 2377 1694 2422; x_wconf 89' lang='lat' dir='ltr'>sicut</span> 
     </span>
     <span class='ocr_line' id='line_1_33' title="bbox 310 2446 1694 2514; baseline -0.001 -20"><span class='ocrx_word' id='word_1_293' title='bbox 310 2463 466 2494; x_wconf 86' lang='lat' dir='ltr'>cancer</span> <span class='ocrx_word' id='word_1_294' title='bbox 490 2449 706 2513; x_wconf 87' lang='lat' dir='ltr'>serpentia</span> <span class='ocrx_word' id='word_1_295' title='bbox 721 2486 734 2505; x_wconf 85' lang='lat'><strong>,</strong></span> <span class='ocrx_word' id='word_1_296' title='bbox 761 2450 836 2496; x_wconf 89' lang='lat' dir='ltr'>sed</span> <span class='ocrx_word' id='word_1_297' title='bbox 862 2467 941 2514; x_wconf 89' lang='lat' dir='ltr'>per</span> <span class='ocrx_word' id='word_1_298' title='bbox 962 2449 1221 2510; x_wconf 84' lang='lat' dir='ltr'>Evangelica</span> <span class='ocrx_word' id='word_1_299' title='bbox 1238 2458 1506 2495; x_wconf 84' lang='lat' dir='ltr'>sacramenta</span> <span class='ocrx_word' id='word_1_300' title='bbox 1527 2446 1582 2493; x_wconf 87' lang='lat' dir='ltr'>de</span> <span class='ocrx_word' id='word_1_301' title='bbox 1596 2462 1694 2493; x_wconf 91' lang='lat' dir='ltr'>coe-</span> 
     </span>
     <span class='ocr_line' id='line_1_34' title="bbox 356 2529 1194 2576; baseline 0.004 -14"><span class='ocrx_word' id='word_1_302' title='bbox 356 2529 368 2553; x_wconf 89' lang='lat'><strong>¹</strong></span> <span class='ocrx_word' id='word_1_303' title='bbox 390 2541 408 2562; x_wconf 77' lang='lat'><em>2</em></span> <span class='ocrx_word' id='word_1_304' title='bbox 427 2530 512 2563; x_wconf 88' lang='lat' dir='ltr'>Tim.</span> <span class='ocrx_word' id='word_1_305' title='bbox 527 2541 564 2570; x_wconf 87' lang='lat'>11,</span> <span class='ocrx_word' id='word_1_306' title='bbox 587 2541 702 2571; x_wconf 88' lang='lat' dir='ltr'>17·2o.</span> <span class='ocrx_word' id='word_1_307' title='bbox 717 2547 761 2555; x_wconf 97' lang='lat'><strong>—</strong></span> <span class='ocrx_word' id='word_1_308' title='bbox 774 2529 791 2554; x_wconf 84' lang='lat'><em>2</em></span> <span class='ocrx_word' id='word_1_309' title='bbox 805 2531 906 2576; x_wconf 80' lang='lat' dir='ltr'>Epist.</span> <span class='ocrx_word' id='word_1_310' title='bbox 922 2533 964 2572; x_wconf 86' lang='lat'>73</span> <span class='ocrx_word' id='word_1_311' title='bbox 983 2530 1025 2564; x_wconf 83' lang='lat' dir='ltr'>ad</span> <span class='ocrx_word' id='word_1_312' title='bbox 1041 2530 1194 2566; x_wconf 75' lang='lat' dir='ltr'>Juhaian.</span> 
     </span>
    </p>
   </div>
   <div class='ocr_carea' id='block_1_3' title="bbox 1846 0 1894 3154">
    <p class='ocr_par' dir='ltr' id='par_1_3' title="bbox 1846 0 1894 3154">
     <span class='ocr_line' id='line_1_35' title="bbox 1846 0 1894 3154; baseline 0 0"><span class='ocrx_word' id='word_1_313' title='bbox 1846 0 1894 3154; x_wconf 95' lang='lat' dir='ltr'> </span> 
     </span>
    </p>
   </div>
  </div>
 </body>
</html>
