1894 3154
296 282 351 312 DE
388 281 607 312 ssAPTtsuo
643 281 815 312 CONTRA
854 280 1139 337 DONATJSTAS‚
1181 281 1265 312 Ltss.
1308 282 1340 313 1.
1438 267 1529 328 949

165 345 258 409 ipsa
283 345 432 410 utique
451 357 649 406 generat,
677 364 766 392 non
785 346 887 393 itlae.
920 347 1068 410 Neque
1089 346 1202 391 enim
1227 347 1439 410 separatio
1455 364 1530 393 ea-

165 433 262 462 rum
280 427 475 476 generat,
495 416 566 462 sed
586 416 703 480 quod
722 434 864 463 secum
890 416 943 462 de
959 417 1039 462 ista
1061 427 1291 462 tenuerunt
1315 434 1325 461 ε
1353 416 1473 480 quod
1497 417 1532 463 si

165 496 206 531 et
223 486 309 531 hoe
331 486 577 542 dimittant,
603 488 780 532 omniuo
803 504 889 532 non
915 497 1130 546 generant.
1173 487 1282 532 Haee
1310 486 1456 549 itaque
1483 486 1532 531 in

165 555 369 601 omnibus
403 567 603 617 generat,
646 561 771 617 eujus
811 567 1076 603 sacramenta
1111 556 1375 612 retinentur,
1416 555 1532 602 unde

163 625 299 687 possit
315 625 397 671 tale
411 627 576 690 aliquid
596 627 862 690 ubicumque
881 627 1070 687 generari
1089 645 1099 672 ε
1119 626 1317 690 quamvis
1333 643 1419 671 non
1440 642 1532 671 om-

163 711 235 739 nes
254 712 362 758 quos
383 708 552 756 generat
572 697 625 743 ad
646 693 736 756 ejus
755 697 1000 760 pertineant
1018 698 1225 742 unitatem
1245 733 1255 752 ‚
1278 713 1379 758 quae
1397 712 1531 759 usque

161 764 207 809 in
237 766 366 811 finem
393 778 708 829 perseverantes
741 767 938 814 salvabit.
983 768 1130 830 Neque
1159 767 1272 811 enim
1296 766 1344 810 hi
1376 765 1452 810 soli
1477 764 1532 811 ad

162 850 252 879 eam
285 853 371 881 non
407 837 651 899 pertinent,
699 837 774 900 qui
804 837 1087 899 separationis
1122 846 1273 899 aperto
1311 834 1532 894 sacrilegio

162 904 375 951 manifesti
396 917 520 960 sunt3
542 907 612 951 sed
638 906 765 951 etiam
790 906 850 951 illi
869 906 944 969 qui
966 907 1009 950 in
1030 909 1064 965 ej
1075 923 1120 950 us
1145 905 1306 950 unitate
1328 921 1533 967 corpora-

161 973 257 1019 liter
280 975 398 1020 mixti
424 993 502 1038 per
533 976 665 1021 vitam
699 976 928 1038 pessimam
960 985 1225 1038 separantur.
1258 974 1429 1018 Etenim
1460 972 1533 1017 Si-

160 1061 332 1089 monem
351 1046 524 1104 Magum
543 1062 619 1108 per
635 1045 854 1108 baptisma
874 1045 965 1108 ipsa
983 1043 1242 1107 pepererat‘l
1266 1061 1276 1088 :
1297 1043 1368 1088 cui
1389 1052 1534 1087 tamen

160 1113 326 1159 dietum
364 1126 425 1160 est
443 1152 453 1171 ‚
495 1114 614 1178 quod
647 1132 735 1160 non
768 1115 949 1160 haberet
988 1125 1158 1177 partem
1199 1114 1243 1159 in
1276 1111 1534 1158 haereditate

162 1182 339 1231 Christi.
372 1184 599 1248 Numquid
620 1185 658 1229 ei
682 1184 925 1248 baptismus
943 1222 953 1240 ‚
982 1183 1197 1247 numquid
1219 1181 1502 1242 Evangelium
1518 1217 1528 1236 ‚

159 1253 377 1315 numquid
401 1265 667 1299 sacramenta
685 1254 939 1300 defuerunt?
961 1254 1043 1299 Sed
1070 1254 1140 1299 eui
1160 1252 1351 1298 charitas
1375 1250 1530 1305 defuit,

157 1322 317 1369 frustra
350 1334 475 1369 natus
511 1336 594 1380 est,
633 1336 674 1370 et
706 1325 744 1370 ei
774 1325 1028 1388 expediebat
1066 1325 1244 1370 fortasse
1273 1339 1361 1367 non
1394 1321 1527 1367 nasci.

159 1393 385 1456 Numquid
405 1411 490 1439 non
512 1405 634 1439 erant
657 1395 745 1440 nati
767 1396 927 1458 quibus
955 1394 1188 1458 Apostolus
1208 1393 1316 1438 dicit
1340 1409 1351 1437 z
1375 1413 1394 1432 α
1416 1392 1532 1436 Tan-

158 1484 179 1505 »
202 1479 332 1527 quam
357 1465 550 1527 parvulis
581 1466 631 1510 in‘
652 1466 828 1511 Christo
853 1465 920 1511 lac
944 1465 1069 1511 vohis
1099 1475 1255 1527 potum
1288 1461 1418 1518 dedi,
1445 1478 1533 1506 non

158 1554 180 1574 »
197 1534 393 1579 escam‘2?
413 1556 432 1575 »
469 1536 552 1580 Eos
592 1545 733 1580 tamen
758 1553 781 1580 a
806 1535 1027 1595 sacrilegio
1063 1533 1307 1579 schismatis
1329 1541 1528 1584 revocat,

158 1603 201 1648 in
224 1603 344 1667 quod
380 1604 476 1650 ideo
512 1605 761 1657 irruebant,
803 1607 904 1668 quia
938 1605 1127 1650 carnates
1160 1613 1315 1648 erant:
1355 1599 1530 1657 «Quasi

159 1698 179 1715 ιι
199 1675 389 1737 parvulis
405 1713 414 1731 ‚
439 1676 582 1739 inquit
597 1714 607 1732 ‚
630 1677 673 1721 in
695 1677 872 1722 Christo
891 1677 956 1721 lae
975 1676 1098 1721 vobis
1121 1685 1277 1738 potum
1295 1671 1395 1717 dedi
1413 1708 1423 1727 ,
1445 1687 1533 1716 non

157 1765 178 1785 >2
198 1761 336 1790 escam
353 1765 364 1798 ;
384 1746 578 1791 noudum
596 1746 708 1791 enim
728 1746 934 1809 poteratis
955 1764 965 1791 :
993 1745 1062 1790 sed
1080 1762 1159 1789 nec
1185 1743 1332 1788 adhue
1353 1739 1530 1803 quidem

158 1835 178 1854 υ
198 1815 400 1876 potestis3
427 1816 617 1861 carnales
642 1817 753 1861 enim
777 1817 876 1861 estis
896 1815 1059 1862 adhue.
1091 1815 1203 1859 Cum
1223 1812 1335 1857 euim
1361 1811 1445 1855 sint
1467 1810 1532 1854 in-

158 1904 179 1924 »
200 1893 263 1927 ter
286 1900 358 1928 vos
382 1885 601 1930 aemulatio
628 1896 669 1930 et
692 1886 910 1930 eontentio
928 1922 938 1938 ‚
970 1901 1110 1929 nonne
1131 1881 1324 1928 carnales
1347 1880 1470 1935 estis,
1492 1888 1534 1924 et

158 1974 179 1995 »
196 1955 433 2000 secundum
459 1955 681 2000 hominem
701 1955 966 2001 ambulatis?
986 1956 1098 1999 Cum
1119 1953 1233 1998 enim
1253 1950 1349 2015 quis
1377 1949 1497 1995 dicat
1517 1965 1528 1993 ε

157 2044 178 2064 »
200 2024 290 2082 Ego
324 2024 499 2086 quidem
533 2043 626 2071 sum
663 2025 811 2079 Pauli,
850 2026 958 2071 alius
993 2035 1136 2069 autem
1164 2041 1174 2068 ε
1215 2024 1305 2081 ligo
1341 2019 1528 2082 Apollo,

158 2110 336 2139 »nonne
360 2094 555 2140 homines
581 2095 709 2141 estis?
741 2097 801 2140 De
826 2096 894 2140 his
919 2095 1029 2139 enim
1054 2110 1187 2155 supi-a
1213 2091 1321 2136 dicit
1344 2107 1354 2133 t
1385 2089 1528 2134 Obse-

157 2184 177 2204 »
197 2181 270 2209 cro
295 2175 435 2209 autem
457 2182 531 2210 vos
550 2202 560 2220 ,
586 2165 736 2211 fratres
752 2203 762 2219 ‚
793 2183 867 2228 per
889 2182 1045 2210 nomen
1076 2162 1246 2207 Domini
1274 2159 1409 2205 nostri
1429 2159 1532 2203 Jesu

156 2254 177 2274 >2
199 2233 361 2279 Christi
381 2270 392 2289 ,
412 2245 459 2278 ut
483 2234 676 2297 idipsum
700 2235 854 2280 dicatis
875 2252 1022 2279 omncs
1037 2270 1046 2288 ,
1074 2243 1115 2277 et
1132 2249 1216 2277 non
1240 2229 1388 2274 sintin
1408 2227 1533 2274 vobis

157 2324 178 2344 2>
195 2303 454 2358 schismata3
478 2305 567 2349 sitis
589 2316 730 2350 autem
753 2304 935 2368 perfecti
957 2304 1002 2348 in
1022 2302 1171 2347 eodeni
1191 2316 1314 2346 sensu
1333 2308 1374 2343 et
1398 2298 1443 2343 in
1463 2314 1531 2342 ea-

156 2395 177 2415 »
196 2373 293 2419 dem
329 2374 550 2421 sententia.
608 2376 866 2420 Nuntiatum
903 2385 964 2419 est
996 2373 1107 2418 enim
1143 2371 1251 2416 mihi
1286 2368 1339 2414 de
1375 2367 1500 2412 vobis
1517 2403 1528 2420 ‚

156 2465 177 2485 n
196 2444 344 2488 fratres
363 2444 441 2488 mei
461 2481 471 2498 ‚
499 2444 554 2488 al)
581 2444 646 2489 his
671 2446 744 2507 qui
770 2455 869 2490 sunt
897 2443 1055 2488 Chloe-s
1073 2480 1083 2497 ‚
1108 2441 1211 2504 qnia
1233 2438 1530 2484 contentiones

157 2533 178 2554 2>
199 2513 356 2558 suntin
383 2513 518 2560 vobis.
549 2514 646 2559 Hoc
665 2525 805 2559 autem
829 2514 929 2560 dico
950 2551 960 2569 2
989 2513 1089 2576 quia
1117 2509 1413 2575 unusquisque
1437 2522 1534 2553 ves-

207 2596 307 2629 ¹Act.
331 2607 399 2635 vin,
417 2597 531 2630 1301.
551 2614 596 2620 —-
610 2595 625 2618 9
645 2609 654 2627 1
676 2598 750 2628 Cor.
774 2608 824 2636 ιιι,
850 2608 884 2630 a.
