1894 3154
235 258 296 305 58
654 273 690 304 s,
733 272 977 304 Auensrmi
1011 272 1217 305 EPISCOPI

231 338 352 402 quod
395 355 482 384 non
505 338 652 386 videre
684 355 773 384 non
808 356 1053 402 possumus.
1092 340 1202 397 Quis
1235 341 1350 387 enim
1381 358 1469 388 non
1496 341 1614 389 videt

229 409 534 468 cogitationem
553 412 702 455 suam?
723 419 763 455 et
783 409 879 473 quis
896 409 1015 455 videt
1033 410 1336 469 cogitationem
1358 428 1478 457 suam
1492 449 1502 467 ,
1525 429 1612 458 non

232 479 367 525 oculis
401 479 650 525 carnalibus
683 479 782 524 dico
802 516 813 534 ,
851 479 925 524 sed
966 479 1062 542 ipso
1106 480 1310 525 interiore
1344 486 1612 544 conspectu?

233 548 341 604 Quis
359 566 446 594 non
475 566 569 594 eam
592 548 733 604 videt,
763 559 804 593 et
824 549 920 611 quis
944 566 1038 593 eam
1059 549 1208 596 videt?
1245 550 1615 614 Quandoquidem

233 618 438 677 cogitatio
472 619 579 664 visio
617 630 680 664 est
720 619 852 664 animi
889 620 1122 682 quaedam,
1162 621 1249 666 sive
1275 620 1417 666 adsint
1446 639 1494 667 ea
1516 638 1616 685 quae

235 687 370 733 oculis
384 705 559 751 quoque
578 688 882 751 corporalibus
897 689 1144 747 videantur,
1165 690 1234 737 vel
1254 691 1421 737 caeteris
1433 692 1616 737 sentian-

235 767 305 802 tur
347 758 564 814 sensibus,
601 759 688 803 sive
719 775 808 804 non
844 759 1009 814 adsint,
1045 770 1087 805 et
1126 777 1275 806 eorum
1313 761 1617 807 similitudines

235 827 497 886 cogitatione
519 837 778 881 cernantur3
802 828 888 874 sive
910 829 1024 874 nihil
1046 845 1193 875 eorum
1210 866 1222 886 ,
1252 830 1325 875 sed
1352 848 1400 876 ea
1419 832 1616 891 cogiten-

233 907 306 942 tur
328 914 428 960 quae
459 915 540 943 nec
567 898 812 960 corporalia
841 909 968 955 sunt,
994 916 1074 944 nec
1098 900 1393 963 corporalium
1416 901 1617 947 similitu·

235 965 372 1022 dines,
399 967 510 1012 sicut
528 967 708 1013 virtutes
727 978 769 1013 et
789 968 910 1023 vitia,
936 968 1049 1014 sicut
1075 970 1169 1032 ipsa
1197 970 1384 1032 denique
1410 971 1617 1030 cogitatio

235 1036 476 1095 cogitatum
503 1038 589 1082 sive
611 1037 684 1083 illa
711 1055 811 1101 quae
827 1055 906 1101 per
929 1038 1182 1102 disciplinas
1209 1040 1441 1085 traduntur
1459 1040 1618 1103 libera-

232 1104 378 1168 lesque
399 1106 647 1161 doctrinas;
672 1108 759 1154 sive
781 1108 963 1154 istorum
985 1110 1185 1155 omnium
1216 1126 1358 1155 causae
1377 1110 1618 1173 superiores

235 1185 365 1237 atque
393 1178 579 1223 rationes
613 1178 659 1223 in
694 1188 849 1223 natura
884 1179 1152 1224 immutabili
1191 1180 1433 1238 cogitentur
1473 1197 1483 1224 :
1530 1180 1617 1226 sive

233 1244 364 1290 etiam
386 1246 500 1292 mala
523 1258 564 1292 et
589 1265 718 1303 vana,
747 1265 796 1294 ac
818 1247 925 1294 falsa
948 1249 1203 1308 cogitemus,
1227 1249 1294 1295 vel
1316 1267 1404 1295 non
1433 1266 1618 1296 consen-

235 1315 365 1361 tiente
388 1334 531 1374 sensu,
553 1318 622 1364 vel
638 1329 808 1364 errante
828 1321 1068 1364 consensu?

299 1387 441 1434 XVII.
474 1388 560 1434 Sed
579 1406 698 1434 nunc
722 1390 774 1435 de
794 1390 844 1435 iis
862 1390 1095 1453 loquamur
1112 1407 1212 1454 quae
1234 1402 1337 1436 nota
1355 1390 1613 1451 cogitamus,

235 1466 276 1500 et
300 1456 514 1503 habemus
538 1459 582 1504 in
616 1460 771 1505 notitia
799 1460 924 1505 etiam
959 1461 993 1506 si
1030 1478 1118 1506 non
1141 1462 1402 1521 cogitemus,
1438 1461 1526 1507 sive
1561 1460 1616 1506 ad

235 1528 619 1591 contemplativam
643 1530 867 1576 scientiam
890 1531 1152 1594 pertineant,
1177 1548 1310 1594 quam
1333 1531 1513 1594 proprie
1544 1548 1616 1576 sa·-

231 1597 439 1657 pientiam
461 1599 548 1644 sive
574 1599 629 1644 ad
650 1601 852 1657 activam,
880 1617 1012 1663 quam
1032 1601 1209 1664 proprie
1247 1601 1469 1646 scientiam
1498 1606 1617 1646 nun-

236 1669 487 1730 cupandam
521 1687 607 1716 esse
639 1671 833 1717 disserui.
875 1672 1016 1717 Simul
1042 1673 1157 1717 enim
1194 1683 1428 1736 utrumque
1464 1672 1617 1718 mentis

234 1749 295 1782 est
315 1740 443 1785 unius
459 1777 469 1794 ,
497 1751 539 1785 et
559 1742 701 1801 imago
725 1743 808 1787 Dei
830 1759 931 1788 una.
963 1743 1077 1787 Cum
1100 1760 1201 1789 vero
1227 1743 1280 1788 de
1304 1742 1503 1789 inferiore
1528 1741 1616 1788 dis-

234 1806 411 1854 tinctius
435 1819 476 1854 et
499 1827 690 1856 seorsum
724 1811 882 1871 agitur,
909 1822 1015 1857 tunc
1038 1829 1126 1857 non
1160 1823 1222 1858 est
1243 1814 1443 1859 vocanda
1473 1813 1616 1872 imago

234 1877 332 1933 Dei,
359 1880 558 1942 quamvis
577 1891 619 1926 et
635 1891 740 1926 tunc
756 1882 802 1926 in
819 1898 867 1927 ea
887 1882 1097 1928 nonnulla
1115 1884 1356 1946 reperiatur
1376 1882 1616 1928 similitudo

232 1947 347 1994 illius
372 1949 620 2007 Trinitatis,
654 1952 774 2014 quod
804 1952 851 1997 in
876 1951 1198 1998 tertio—decimo
1221 1952 1445 1999 volumine
1468 1963 1616 1998 osten-

233 2017 390 2066 dimus.
422 2020 551 2066 Nunc
570 2038 669 2081 ergo
688 2022 818 2068 simul
839 2022 893 2068 de
914 2023 1111 2069 universa
1131 2023 1307 2069 scientia
1334 2023 1525 2069 hominis
1544 2022 1616 2068 lo-

233 2088 430 2150 quimur,
453 2090 500 2135 in
525 2108 614 2154 qua
635 2092 763 2137 nobis
787 2103 889 2138 nota
909 2102 1009 2138 sunt
1031 2109 1324 2156 quaecumque
1349 2102 1450 2138 sunt
1471 2103 1573 2138 nota
1601 2109 1612 2137 ε

233 2175 333 2221 quae
367 2161 518 2224 utique
547 2178 647 2208 vera
675 2173 800 2220 sunt,
831 2162 1026 2226 alioquin
1050 2174 1153 2209 nota
1184 2181 1273 2209 non
1293 2174 1444 2210 essent.
1477 2163 1615 2208 Nemo

233 2229 348 2274 enim
368 2230 471 2276 falsa
490 2232 612 2278 novit
624 2268 635 2286 ,
657 2232 740 2278 nisi
759 2249 861 2279 cum
877 2232 982 2279 falsa
998 2250 1083 2278 esse
1103 2234 1226 2280 novit
1248 2252 1258 2278 :
1282 2233 1403 2297 quod
1421 2233 1456 2279 si
1471 2233 1611 2289 novit,

232 2316 385 2345 verum
408 2303 530 2347 novit
557 2319 567 2346 ε
595 2319 745 2349 verum
780 2314 842 2349 est
874 2304 989 2349 enim
1021 2305 1141 2367 quod
1175 2303 1249 2350 illa
1285 2303 1391 2349 falsa
1418 2304 1516 2350 sint.
1550 2304 1616 2350 De

233 2369 303 2414 his
329 2387 429 2431 ergo
464 2389 581 2417 nunc
613 2372 858 2419 disserimus
900 2390 1000 2437 quae
1034 2385 1136 2420 nota
1169 2374 1410 2433 cogitamus
1440 2383 1482 2418 et
1510 2383 1616 2418 nota

234 2450 333 2484 sunt
356 2442 482 2486 nobis
505 2442 633 2487 etiam
657 2443 691 2487 si
715 2461 802 2489 non
823 2444 1067 2504 cogitentur
1095 2463 1119 2490 a
1142 2444 1281 2490 nobis.
1325 2443 1409 2492 Sed
1437 2454 1552 2489 certe
1580 2443 1616 2488 si

234 2527 283 2556 ca
306 2510 448 2557 dicere
464 2511 663 2570 velimus,
695 2513 777 2559 nisi
797 2515 984 2574 cogitata
1012 2532 1101 2560 non
1128 2531 1372 2578 possumus.
1405 2514 1517 2559 Nam
1538 2514 1615 2559 etsi

234 2581 367 2627 verba
388 2599 476 2630 non
500 2593 673 2640 sonent,
695 2583 740 2631 in
764 2584 894 2631 corde
921 2601 997 2632 suo
1021 2584 1128 2632 dicit
1156 2585 1306 2648 utique
1329 2583 1406 2647 qui
1431 2584 1606 2643 cogitat.
