1894 3154
264 279 324 334 34
685 295 719 324 s.
763 293 1004 323 Ausus‘rim
1040 293 1243 323 Emscorl

262 375 393 421 quam
417 358 553 422 possit
583 358 671 404 boc
704 377 726 404 a
760 359 926 404 Joanne.
951 358 1146 421 apostolo
1169 359 1298 404 etiam
1323 358 1376 404 de
1407 359 1636 404 immorta-

259 429 379 475 litate
402 429 597 491 corporis
617 428 784 474 dictum
806 429 959 476 videri.
999 430 1053 473 Et
1086 429 1130 474 in
1166 429 1252 474 bac
1282 430 1449 493 quippe
1483 428 1639 474 similes

259 499 417 544 erimus
441 500 533 543 Deo
553 535 562 553 ‚
591 499 663 543 sed
691 499 996 544 tantummodo
1019 499 1148 549 Filio,
1173 499 1274 562 quia
1296 500 1409 544 solus
1428 500 1472 544 in
1491 497 1640 543 Trini-

261 580 346 614 tate
365 585 525 631 corpus
551 570 745 632 accepit,
773 570 817 614 in
836 586 923 632 quo
948 580 1146 614 mortuus
1169 570 1415 618 resurrexit.
1443 579 1572 631 atque
1595 567 1640 612 id

261 639 314 685 ad
338 656 522 702 superna
548 639 752 702 pervexit.
785 640 893 683 Nam
914 639 1076 683 dicitur
1106 640 1234 684 etiam
1269 639 1347 684 ista
1372 641 1514 698 imago
1545 636 1642 682 Filii

260 710 340 754 Dei
359 746 370 763 ‚
390 710 435 754 in
454 727 539 772 qua
557 710 668 753 sicut
688 709 760 753 ille
779 708 1022 753 immortale
1041 725 1200 771 corpus
1221 709 1484 754 habebimus
1499 745 1510 764 ‚
1534 724 1644 753 con-

259 777 418 823 formes
442 777 546 822 facti
564 778 608 822 in
627 778 710 822 hac
728 788 853 840 parte
874 814 884 832 ,
913 795 999 822 non
1019 778 1160 823 Patris
1177 779 1376 837 imaginis
1398 788 1474 823 aut
1501 777 1644 840 Splri-

263 858 329 893 tus
352 848 489 893 sancti
509 884 520 902 ‚
544 847 616 892 secl
641 847 944 893 tantummodo
966 847 1088 903 Filii,
1115 848 1217 911 quia
1241 848 1293 892 de
1314 849 1402 894 hoc
1421 848 1511 893 solo
1534 847 1645 907 legi-

260 929 350 974 tur,
382 929 424 963 et
453 918 538 963 fide
566 918 787 963 sanissima
819 919 1053 980 accipitur,
1090 918 1326 963 «Verbum
1354 935 1454 964 caro
1482 918 1648 964 factum

263 1010 283 1030 »
307 987 417 1034 est1.
441 1010 461 1029 n
486 990 672 1050 Propter
695 987 815 1050 quod
842 988 1101 1050 Apostolus,
1138 1009 1158 1028 α
1178 989 1299 1044 Quos
1325 999 1447 1043 ante,
1471 989 1616 1051 inquit
1634 1025 1644 1043 ‚

263 1081 283 1101 »
306 1059 527 1121 praescivit
547 1069 588 1103 et
607 1057 935 1120 praedestinavit
955 1057 1196 1103 conformes
1216 1058 1307 1103 fieri
1332 1058 1530 1118 imaginis
1555 1057 1652 1103 Filii

266 1152 287 1172 »
311 1130 402 1184 sui,
427 1139 476 1173 ut
493 1129 547 1173 sit
562 1129 653 1190 ipse
671 1128 987 1190 primogenitus
1004 1129 1047 1173 in
1067 1128 1214 1173 mullis
1230 1127 1441 1173 fratribus
1456 1129 1488 1173 2.
1507 1150 1527 1170 >2
1548 1127 1652 1173 Pri-

265 1200 506 1260 mogenitus
526 1200 676 1262 utique
704 1216 726 1243 a
748 1198 931 1243 mortuis
957 1199 1199 1244 secundum
1226 1198 1428 1243 eumdem
1460 1200 1654 1262 Aposto-

266 1270 386 1325 lum,
421 1286 506 1331 qua
537 1279 675 1313 morte
706 1268 915 1313 seminata
951 1279 1012 1313 est
1041 1286 1142 1314 caro
1176 1272 1266 1328 ejus
1289 1269 1333 1313 iu
1362 1268 1651 1325 contumelia,

268 1339 495 1384 resurrexit
531 1340 576 1384 in
604 1338 786 1398 gloriass.
829 1339 1080 1384 Secundum
1115 1339 1232 1384 hanc
1264 1339 1494 1398 imaginem
1526 1338 1650 1394 Filii,

270 1410 342 1455 cui
367 1426 444 1472 per
462 1408 829 1453 immortalitatem
853 1409 1177 1454 conformamur
1200 1409 1246 1453 in
1267 1408 1498 1471 corpore4,
1526 1409 1657 1454 etiam

272 1479 382 1525 illud
406 1479 570 1539 agimus
588 1478 705 1540 quod
726 1478 834 1523 dicit
852 1478 966 1523 idem
992 1478 1256 1541 Apostolus:
1281 1499 1301 1519 «
1323 1479 1447 1524 Sicut
1467 1479 1659 1542 portavi-

273 1571 294 1592 »
317 1566 412 1595 mus
429 1549 661 1608 imaginem
691 1549 873 1602 terreni,
901 1559 1123 1611 portemus
1148 1558 1189 1593 et
1206 1548 1435 1607 imaginem
1462 1553 1552 1608 ejus
1582 1548 1658 1612 qui

276 1640 297 1660 >³
320 1619 374 1664 de
403 1618 516 1664 coelo
544 1617 635 1663 est5
655 1635 664 1662 :
687 1640 705 1658 ›>
732 1628 780 1662 ut
807 1618 971 1663 scilicet
996 1618 1073 1681 qui
1105 1617 1346 1663 secundum
1373 1618 1512 1664 Adam
1546 1616 1662 1664 mor-

275 1688 379 1734 tales
395 1688 555 1733 fuimus
579 1687 819 1732 secundum
842 1687 1071 1732 Christum
1090 1687 1356 1733 immortales
1376 1705 1452 1733 nos
1468 1689 1658 1744 futuros,

278 1759 365 1804 fide
383 1776 485 1803 vera
508 1769 550 1802 et
568 1775 642 1820 spe
669 1768 785 1802 certa
802 1758 1013 1820 firmaque
1040 1768 1274 1803 teneamus.
1307 1756 1379 1803 Sic
1404 1759 1517 1803 enim
1544 1775 1663 1804 nunc

283 1828 477 1875 eamdem
492 1828 718 1887 imaginem
732 1839 905 1890 portare
920 1845 1150 1890 possumus
1164 1865 1175 1884 9
1202 1827 1399 1873 nondum
1418 1829 1462 1874 in
1479 1829 1660 1885 visione,

285 1898 360 1944 sed
373 1897 514 1943 infide
534 1917 545 1950 ;
569 1896 765 1942 nondum
787 1897 831 1942 in
848 1914 916 1953 re,
939 1897 1073 1942 sedin
1092 1914 1181 1960 spe.
1209 1899 1274 1943 De
1294 1899 1666 1963 corporisquippe

286 1967 595 2014 resurrectione
620 1977 726 2012 tunc
754 1966 1015 2030 loquebatur
1039 1967 1293 2030 Apostolus,
1333 1985 1433 2014 cum
1469 1969 1568 2015 haec
1603 1969 1667 2015 di-

290 2052 417 2088 ceret.

352 2111 489 2158 XXV.
525 2112 582 2156 At
599 2127 701 2156 vero
718 2109 791 2155 illa
809 2110 951 2169 imago
971 2146 981 2164 ‚
1005 2109 1058 2155 de
1075 2126 1161 2172 qua
1177 2109 1345 2156 dictum
1365 2121 1453 2157 est:
1475 2133 1494 2153 «
1515 2111 1667 2158 Facia-

291 2204 312 2225 ›>
334 2200 430 2228 mus
441 2181 659 2227 hominem
674 2179 968 2239 adimaginem
988 2190 1029 2224 et
1039 2179 1366 2226 similitudinem
1387 2192 1578 2227 nostram
1593 2183 1635 2235 ὃς
1650 2203 1670 2223 »

289 2253 392 2316 quia
413 2269 502 2296 non
524 2251 691 2295 dictum
717 2260 804 2305 est,
835 2249 890 2294 ad
907 2266 1045 2294 meam
1064 2286 1074 2304 ,
1099 2250 1167 2295 vel
1192 2250 1245 2295 ad
1271 2261 1387 2296 tuam
1404 2289 1415 2307 ,
1438 2252 1491 2297 ad
1512 2252 1671 2311 imagi-

291 2340 390 2368 nem
409 2320 634 2366 Trinitatis
651 2320 816 2365 factum
834 2319 1056 2364 hominem
1081 2320 1297 2365 credimus
1314 2358 1325 2376 ,
1344 2332 1385 2365 et
1401 2333 1562 2384 quanta
1586 2339 1671 2384 po-

291 2393 452 2439 tuimus
466 2391 789 2450 investigatione
804 2390 1230 2453 comprehendimus.
1254 2393 1310 2436 Et
1326 2391 1421 2436 ideo
1434 2393 1669 2438 secundum

291 2465 408 2509 hanc
430 2462 578 2526 potius
599 2472 642 2506 et
659 2460 770 2506 illud
788 2460 1117 2521 intelligendum
1141 2471 1202 2506 est
1221 2461 1340 2525 quod
1365 2463 1425 2508 ait
1452 2463 1673 2526 apostolus

338 2558 349 2581 ¹
368 2561 462 2590 Joan.
481 2569 503 2593 1,
526 2562 577 2593 14.
592 2572 637 2579 --
656 2553 780 2587 2Ιὶοιτι.
798 2566 875 2597 vm,
898 2567 954 2596 29.
969 2553 1040 2579 ...3
1060 2556 1180 2588 Coloss.
1201 2567 1230 2595 1,
1253 2560 1354 2589 18.-
1368 2554 1383 2579 4
1405 2568 1418 2588 1
1442 2558 1519 2591 Cor.
1537 2568 1594 2602 xv,
1614 2561 1671 2596 43.

292 2631 337 2637 —-
355 2610 369 2634 5
395 2621 407 2640 1
429 2612 508 2644 Cor.
528 2621 584 2653 xv,
605 2616 661 2650 49.
679 2626 723 2633 -
739 2606 754 2630 6
773 2610 857 2642 Gen.
881 2620 908 2647 1,
932 2610 985 2642 26.
