1894 3154
334 233 428 287 424
760 245 793 274 s.
837 241 1080 273 Aucusrim
1118 239 1322 271 EPISCOPI

333 329 395 357 ses
413 328 513 357 cum
536 311 590 357 de
609 313 700 357 Deo
714 308 917 373 quaedam
934 307 1096 353 diceret
1115 305 1151 362 1,
1177 306 1710 370 perhibuittestimonium

333 381 450 445 quod
472 382 652 445 quidam
685 396 834 426 eorum
862 378 946 423 tale
967 376 1133 440 aliquid
1157 376 1340 422 dixerint
1367 394 1378 421 :
1406 378 1526 441 quod
1558 380 1709 443 utique

334 454 366 496 si
388 451 441 496 ad
463 453 691 498 Christum
711 451 922 504 venirent,
950 458 1252 507 agnosceretur
1277 447 1323 491 in
1345 448 1420 503 eis,
1446 449 1709 512 nonimpro-

332 522 525 569 barctur.
567 523 623 567 Et
650 531 823 566 sanctus
855 518 1104 580 Cyprianus
1122 517 1283 561 talibus
1307 517 1508 563 adversus
1539 520 1710 565 eosdem

333 593 530 637 ethnicos
551 592 688 636 utitur
714 589 910 634 testibus.
940 588 1051 632 Nam
1077 603 1177 632 cum
1199 586 1252 632 de
1277 587 1412 647 Magis
1433 588 1705 652 loqueretur,

333 662 569 717 «Quorum
589 671 750 715 tamen,
772 659 933 722 inquit,
954 657 1208 721 praecipuus
1223 658 1451 714 Hostanes,
1475 670 1514 704 et
1526 659 1709 706 formam

332 731 423 776 veri
447 732 526 776 Dei
553 741 679 791 negat
703 728 898 792 conspici
918 745 1043 791 posse
1062 764 1073 783 ,
1102 738 1144 773 et
1169 727 1342 787 angelos
1362 745 1483 774 veros
1512 730 1599 775 sedi
1618 734 1709 790 eJ'us

333 800 441 846 dicit
471 802 674 847 assistere.
704 801 757 844 In
776 817 863 863 quo
884 809 924 844 et
950 798 1074 843 Plato
1100 798 1197 862 pari
1216 798 1383 843 ratione
1404 801 1646 856 consentit,
1667 811 1709 846 et

332 888 468 916 unum
488 873 629 917 Deum
653 887 841 925 servam,
868 879 1045 914 caeteros
1068 869 1236 928 angelos
1256 868 1324 914 vel
1343 868 1564 914 daemonas
1579 869 1702 916 dicit.

332 942 511 987 Hermes
547 958 722 1005 quoque
753 939 1035 999 Trimegistus
1065 956 1205 984 unum
1240 940 1380 984 Deum
1405 938 1601 1002 loquitur
1623 977 1634 995 ‚
1669 950 1709 985 et

331 1028 428 1056 cuni
464 1010 951 1074 incomprehensibilem
988 1021 1115 1072 atque
1151 1009 1496 1055 inaestimabilem
1521 1011 1708 1056 confite-

333 1083 449 1128 tur'2.
475 1104 493 1123 n
521 1082 565 1127 Si
591 1099 690 1142 ergo
714 1081 784 1126 isti
815 1081 1027 1125 venissent
1052 1079 1102 1125 ad
1129 1079 1457 1143 percipiendam
1501 1080 1708 1125 christia-

332 1170 431 1197 nam
455 1152 634 1197 salutem
651 1189 661 1207 ‚
690 1168 778 1196 non
801 1150 951 1213 utique
975 1151 1032 1195 eis
1056 1150 1289 1205 diceretur,
1314 1154 1409 1195 Hoc
1441 1150 1602 1195 malum
1623 1151 1708 1196 ha-

332 1223 442 1267 hetis
461 1260 471 1278 ‚
497 1223 566 1268 vel
590 1222 747 1268 falsum
775 1221 970 1266 habetis:
1001 1220 1074 1266 sed
1108 1220 1238 1283 plane
1277 1220 1431 1265 merito
1461 1219 1675 1265 diceretur
1694 1258 1703 1276 ,

332 1294 427 1339 Hoc
450 1293 573 1338 vobis
599 1292 797 1356 quamvis
818 1292 1034 1351 integrum
1055 1302 1097 1336 et
1119 1308 1286 1345 verum,
1316 1290 1427 1336 nihil
1443 1301 1584 1335 tamen
1605 1308 1707 1353 pro-

330 1365 486 1417 desset,
510 1364 592 1409 nisi
620 1363 673 1408 ad
695 1363 857 1408 Christi
880 1362 1063 1421 gratiam
1091 1362 1307 1407 veniretis.
1342 1361 1386 1406 Si
1414 1378 1516 1420 ergo
1541 1361 1583 1405 in
1604 1361 1707 1424 ipsis

329 1433 515 1478 ethnicis
539 1444 682 1496 potest
711 1432 876 1496 aliquid
900 1432 1097 1476 divinum
1115 1431 1299 1477 inveniri
1320 1442 1521 1495 recteque
1540 1449 1706 1494 appro-

328 1504 446 1559 hari,
469 1504 666 1566 quamvis
691 1504 749 1548 eis
772 1503 883 1547 salus
912 1502 1058 1547 adhuc
1087 1521 1109 1547 a
1137 1502 1314 1547 Christo
1345 1502 1594 1565 praestanda
1620 1502 1703 1554 sit3

329 1592 415 1619 non
443 1584 615 1638 oportet
641 1591 719 1619 nos
739 1573 798 1618 ita
827 1572 989 1618 moveri
1020 1573 1148 1617 ctiam
1181 1572 1213 1617 si
1246 1576 1413 1635 pejores
1437 1582 1536 1617 sunt
1552 1572 1706 1617 haere-

329 1644 426 1700 lici,
457 1656 504 1689 ut
530 1643 649 1707 quod
678 1644 723 1689 in
752 1643 810 1688 eis
839 1642 1000 1687 malum
1040 1643 1235 1705 ipsorum
1257 1654 1318 1688 est
1353 1642 1533 1687 velimus
1566 1642 1704 1687 corri-

326 1732 439 1773 gere.
467 1726 507 1760 et
530 1714 648 1778 quod
669 1714 713 1759 in
735 1714 792 1759 eis
812 1714 978 1758 bonum
1000 1724 1061 1758 cst
1081 1713 1245 1758 Christi
1258 1713 1443 1758 nolimus
1460 1709 1699 1772 agnoscere.

329 1784 411 1829 Sed
426 1789 518 1844 jam
550 1796 726 1830 caeteras
750 1784 883 1843 hujus
909 1783 1083 1829 concilii
1107 1784 1336 1829 sententias
1357 1782 1701 1847 pertractandaS‚

327 1855 383 1900 ab
411 1856 495 1900 alio
515 1855 798 1919 suscipiemus
821 1854 1010 1900 exordio.

374 1937 382 1958 ¹
405 1940 474 1969 Act.
493 1948 572 1976 xvrx,
593 1939 647 1969 23.
665 1955 708 1961 —-
727 1936 741 1958 ²
762 1937 829 1969 Lib.
852 1936 891 1967 de
907 1936 1065 1967 idolorum
1083 1935 1233 1967 vanitate.
